3598 5752
426 909 512 972 1050
680 921 783 968 mens
806 917 944 968 rimans
967 917 1013 966 nn
1037 914 1233 965 scacoamo.

255 1103 324 1162 aa).
338 1103 410 1151 ¹³⁰¹·
430 1107 593 1176 l'rederiei
631 1107 703 1180 nati
741 1103 901 1193 praedicti,
934 1103 1101 1190 quondam
1139 1101 1230 1168 Petri
1268 1100 1348 1167 olim
1380 1099 1481 1189 Regis

429 1216 631 1300 Aragonum,
658 1210 721 1274 sub
743 1207 838 1294 cujus
861 1206 1027 1280 Frederiei
1059 1205 1157 1270 devio
1187 1206 1287 1271 iidem
1312 1203 1415 1270 Siculi
1446 1204 1481 1268 in

429 1313 575 1379 tenebris
609 1318 643 1377 et
668 1311 785 1376 umbra
808 1309 924 1374 mortis
958 1308 1181 1384 obdormiunt,
1199 1313 1234 1374 et
1256 1312 1392 1394 propter
1418 1306 1483 1371 alia

430 1415 585 1482 scandala
622 1434 696 1499 quae
733 1413 920 1499 insurgunt,
957 1410 1098 1497 praefata
1131 1415 1237 1475 mater
1269 1409 1404 1476 eeclesia
1449 1407 1483 1473 in

432 1516 627 1584 adhibendis
665 1515 837 1602 oportunis
875 1514 982 1578 eidem
1013 1513 1121 1578 Terrae
1154 1513 1285 1579 Sancta
1330 1510 1485 1576 subsidiis

434 1620 620 1708 impeditur.
667 1618 784 1683 Status
811 1619 946 1704 insuper
970 1616 1095 1681 Tusciae
1118 1615 1244 1702 impetu
1275 1615 1319 1679 ad
1351 1613 1485 1678 modum

434 1723 589 1790 fluctibus
619 1721 856 1797 scandalorum,
889 1720 1044 1784 civitates
1083 1719 1155 1783 loca
1196 1723 1230 1782 et
1269 1717 1384 1783 incolae
1416 1715 1484 1779 lta-

434 1827 570 1893 licarum
606 1825 752 1912 partium
787 1823 929 1888 ecelesiae
967 1821 1132 1908 proediotae
1168 1821 1316 1907 subjecta
1348 1821 1385 1884 in
1419 1840 1484 1884 non

436 1928 564 1994 modica
593 1932 688 2014 parte
716 1924 886 2002 rebellant,
909 1924 1068 2010 nequitiae
1096 1946 1223 1989 venena
1250 1923 1427 1988 fundentia
1454 1928 1488 1988 et

435 2031 622 2096 laborantia
644 2028 894 2116 ingratitudinis
911 2029 994 2094 vitio
1010 2033 1127 2094 eontra
1146 2050 1228 2105 eam,
1244 2033 1278 2093 et
1294 2027 1358 2092 nisi
1375 2048 1486 2092 eornm
1527 2078 1534 2094 .

435 2133 619 2198 insolentiae
628 2137 884 2218 compesoantur,
893 2129 1074 2218 periculose
1083 2129 1263 2216 plmimum
1274 2129 1486 2194 invalescent

436 2235 617 2301 Christiani
645 2255 775 2319 quoque
797 2255 890 2320 reges
913 2239 947 2297 et
969 2232 1143 2318 principes,
1164 2254 1185 2297 a
1208 2231 1328 2319 quibus
1352 2232 1487 2299 ecelesia

436 2336 550 2402 eadem
575 2335 711 2400 deberet
735 2334 778 2399 ab
804 2333 870 2398 hiis
897 2338 930 2398 et
956 2333 1030 2398 aliis
1054 2334 1218 2420 angustiis
1242 2333 1390 2410 relevari,
1405 2332 1487 2398 adeo

435 2437 564 2526 guerris
587 2443 621 2500 et
645 2435 808 2502 scandalis
824 2435 1047 2500 colluctantur
1061 2435 1105 2500 ad
1126 2436 1267 2500 invicem
1293 2435 1381 2522 qnod
1405 2456 1488 2522 prae-

436 2539 541 2606 fatam
557 2539 726 2604 ecelesiam
741 2538 777 2602 in
804 2541 938 2603 tantum
966 2543 1098 2624 oportet
1113 2537 1199 2602 eirca
1222 2559 1333 2604 eorum
1358 2559 1488 2602 concor·

436 2643 525 2708 diam
552 2642 701 2707 laborare
733 2639 820 2726 quod
848 2640 949 2705 etiam
976 2641 1229 2727 praetermittere
1254 2641 1383 2728 cogitur
1407 2638 1488 2705 alias

436 2749 547 2832 partes
563 2743 652 2808 orbis
672 2750 707 2808 et
723 2742 932 2829 dispendium
953 2743 1024 2829 pati
1045 2741 1261 2807 nihilominus
1285 2744 1320 2808 in
1347 2764 1382 2808 se
1409 2743 1488 2829 ipsa.

438 2847 513 2928 Qua
543 2853 678 2933 propter
708 2867 767 2931 pro
798 2845 1000 2932 pacificando
1038 2844 1303 2911 Christianitatis
1334 2850 1425 2910 statu
1456 2849 1491 2909 et

437 2951 607 3038 potissime
643 2949 679 3012 in
701 2948 768 3012 illis
792 2948 944 3035 partibus
974 2953 1008 3012 et
1042 2949 1219 3034 provinciis
1250 2955 1350 3034 atque
1381 2948 1490 3036 regnis

438 3075 459 3117 a
483 3052 604 3137 quibus
636 3053 745 3138 potest
771 3055 805 3114 et
834 3050 918 3115 solet
944 3049 1093 3136 praefatae
1123 3055 1221 3116 terrae
1253 3050 1419 3116 comodins
1457 3057 1490 3116 et

439 3153 600 3220 efficacius
616 3151 795 3228 subveniri,
811 3153 899 3217 etad
921 3153 1187 3239 compescendam
1209 3154 1394 3240 nequitiam
1419 3175 1491 3240 per-

439 3279 609 3324 versorum
626 3256 682 3340 qui
699 3255 808 3320 conati
835 3261 915 3319 sunt
937 3255 1096 3320 hactenus
1113 3263 1147 3320 et
1170 3257 1228 3342 qui
1246 3262 1409 3323 conantur
1431 3278 1492 3344 pro

440 3360 567 3425 viribus
594 3359 801 3446 praelibatam
824 3357 991 3423 ecclesiam
1015 3357 1155 3443 injuriis,
1179 3360 1342 3446 dampnis,
1361 3361 1491 3446 dispen-

441 3462 513 3539 diis,
525 3468 559 3526 et
571 3459 805 3525 rebellionibus
822 3460 1026 3546 impugnare,
1035 3467 1218 3526 memorata
1229 3463 1365 3528 ecelesia
1374 3470 1409 3526 et
1424 3483 1492 3539 nos,

441 3569 617 3650 postquam
645 3563 768 3625 fuimus
795 3561 836 3624 ad
862 3562 988 3646 apicem
1014 3564 1213 3649 Apostolicae
1240 3565 1416 3651 dignitatis
1441 3585 1493 3629 as-

442 3664 567 3751 sumpti
589 3663 837 3740 sollicitudines,
852 3665 1100 3730 amaratudines
1126 3671 1160 3730 et
1182 3667 1318 3745 labores,
1334 3687 1494 3753 expensas

442 3770 631 3834 innumeras
662 3775 695 3830 ot
733 3765 957 3851 importabilia
987 3789 1096 3844 onera,
1127 3769 1319 3834 necessitate
1349 3775 1494 3858 nogento,

443 3870 603 3936 subimini
638 3875 672 3934 et
699 3868 809 3934 subire
836 3869 1070 3955 compellimur,
1105 3871 1140 3936 et
1166 3871 1254 3958 quod
1279 3874 1415 3959 gravius
1447 3895 1494 3938 re·

443 3973 622 4040 velandum
648 3971 772 4048 existit,
788 3969 915 4036 actibus
942 3973 1043 4036 etiam
1068 3973 1192 4039 bellicis
1219 3997 1294 4040 enm
1318 3975 1496 4041 rebellibus

445 4074 587 4140 subditis
618 4073 756 4159 aliisque
786 4073 1027 4160 pugnatoribus
1062 4075 1230 4162 implicari.
1277 4077 1361 4142 Cum
1392 4077 1497 4164 igitur

447 4178 532 4244 aaut
547 4181 658 4241 vestra
674 4175 873 4240 universitas
892 4176 1044 4263 ignorare
1059 4199 1125 4243 non
1141 4177 1248 4256 debet,
1262 4179 1305 4244 ad
1320 4180 1498 4245 revelanda

447 4278 641 4366 gravamina
656 4283 690 4342 et
705 4277 930 4363 importabilia
943 4299 1051 4360 onera,
1064 4283 1099 4344 et
1114 4301 1274 4366 expensas
1297 4303 1336 4347 ae
1359 4283 1497 4347 necessi-

448 4385 535 4448 tates
549 4379 709 4467 plurimas
725 4379 845 4464 quibus
859 4386 995 4467 propter
1009 4383 1178 4467 praemissa
1193 4384 1375 4470 premimur
1389 4405 1450 4450 nos
1464 4391 1499 4450 et

448 4485 583 4552 eeclesia
597 4484 779 4570 praelibata,
791 4490 825 4550 et
843 4492 880 4549 ut
890 4485 1020 4550 facilius
1030 4493 1224 4573 supportare
1237 4511 1409 4575 possumus
1424 4512 1498 4576 quae

448 4589 544 4654 nobis
554 4588 751 4684 incumbunt
760 4589 1006 4673 etim[m]inent
1015 4589 1179 4670 facienda;
1192 4597 1234 4668 et,
1244 4597 1292 4670 ut,
1300 4593 1369 4658 Deo
1379 4599 1498 4672 actore,

449 4719 509 4783 pro
534 4697 586 4760 sni
612 4696 747 4760 honoris
774 4717 907 4781 suaeque
938 4697 1045 4762 laudis
1070 4703 1257 4784 augmento,
1273 4699 1316 4764 ad
1347 4705 1498 4787 optatum

449 4800 548 4865 finem
573 4797 756 4864 laudabilia
781 4799 951 4886 proposita
973 4804 1088 4866 nostra
1113 4801 1293 4888 producere
1320 4802 1498 4888 valeamus,
