3598 5752
424 881 511 944 1048
681 893 945 946 ammonianus
967 891 1014 944 ur
1036 891 1233 944 musmo.

249 1076 628 1158 A·1>·¹⁸⁰⁸·“vidaliees,
661 1081 696 1144 iu
735 1077 967 1168 Appsriiionis
1006 1078 1103 1146 Beati
1143 1077 1323 1158 Michaelis,
1355 1083 1390 1146 et
1418 1099 1479 1167 pro

424 1193 441 1218 “
467 1183 643 1249 medietate
658 1183 725 1248 alia
739 1183 776 1248 iu
791 1182 1055 1249 Resumeetionis
1078 1181 1214 1248 Domini
1228 1182 1478 1259 festivitatibus,

426 1296 443 1321 ‘¹
468 1285 619 1352 Ecclesiae
657 1287 816 1351 Romana
855 1286 988 1363 lenens,
1019 1285 1110 1351 mille
1144 1285 1294 1351 marchas
1332 1285 1480 1372 ejusdem

427 1399 444 1424 “
467 1395 608 1455 monetae
639 1387 873 1475 sterlingorum
905 1411 964 1475 per
996 1409 1113 1453 manus
1145 1388 1345 1453 venerabilis
1367 1387 1480 1453 fratris

427 1499 448 1529 “
470 1493 574 1558 nostri
607 1491 699 1571 Adae,
723 1490 876 1580 Episoopi
914 1491 1158 1564 Herfoulensis,
1188 1491 1301 1556 nuncii
1335 1491 1388 1556 bui
1422 1511 1481 1576 pro

429 1599 446 1628 “
470 1615 557 1658 anno
572 1593 608 1657 in
623 1593 707 1658 sesto
722 1591 982 1658 Resurrectiouis
1004 1591 1140 1658 Domini
1156 1592 1307 1677 proximo
1322 1590 1481 1677 praeteriti

429 1703 446 1730 “
469 1696 657 1774 terminabo,
684 1695 779 1761 Sedis
802 1694 999 1781 Apostolioae
1023 1694 1171 1760 Camerae
1193 1693 1310 1762 feceris
1333 1715 1408 1760 eum
1431 1694 1481 1758 in·

430 1806 447 1832 “
471 1797 628 1886 egritate
676 1797 830 1884 persolvi.
900 1795 970 1862 Nos
1018 1795 1215 1862 solutionem
1262 1796 1482 1883 approbantes

430 1908 447 1936 “
471 1901 618 1979 eandem,
634 1905 667 1966 ie
690 1921 727 1966 so
750 1899 896 1965 haeredes
920 1905 953 1964 ei
969 1919 1167 1984 successores
1183 1905 1258 1964 tuos
1281 1921 1320 1965 ao
1343 1919 1481 1987 regnum

433 2011 451 2038 “
473 2009 507 2068 ei
523 2009 644 2068 tenum
668 2003 826 2088 praedioia
841 2003 882 2067 sle
898 2002 996 2067 dictis
1019 2001 1109 2066 milla
1132 2001 1274 2068 marchis
1289 2002 1335 2068 sio
1357 2000 1483 2080 solutis,

433 2112 452 2143 “
475 2105 673 2170 auctoritaie
703 2103 893 2190 Apostolioa
923 2109 1082 2190 perpetuo
1113 2104 1314 2170 absolvimus
1344 2109 1380 2169 ei
1410 2103 1483 2190 qui·

433 2215 451 2242 ‘⁴
475 2213 593 2272 tamus.
655 2206 751 2271 Nulli
781 2227 859 2293 ergo
889 2205 1024 2271 omnino
1060 2206 1233 2270 homiuum
1271 2205 1369 2272 lioeai
1398 2205 1484 2270 hano

435 2316 455 2344 “
476 2309 632 2397 paginam
677 2314 866 2374 nostrarum
913 2307 1172 2394 approbationis,
1210 2307 1404 2394 quitationis
1450 2314 1485 2373 ei

434 2422 453 2448 ‘⁸
476 2411 692 2479 absolutionis
705 2410 886 2498 infringere
896 2411 951 2476 vel
968 2411 1007 2487 ei,
1019 2431 1103 2476 ausu
1113 2411 1298 2488 temerario,
1313 2410 1481 2478 oonirairs.

433 2523 450 2548 “
475 2514 510 2580 si
539 2514 613 2599 quis
640 2529 753 2578 autem
777 2513 840 2579 hoo
866 2517 1067 2599 attemptare
1089 2513 1342 2598 praesumpserit,
1375 2512 1482 2601 indig-

432 2624 450 2650 “
473 2615 641 2681 nationem
678 2615 913 2703 omnipotentis
950 2613 1014 2680 Dei
1047 2619 1082 2680 st
1113 2615 1285 2680 beatorum
1325 2615 1415 2680 Petri
1449 2619 1484 2680 et

431 2727 449 2752 “
473 2717 570 2784 Pauli
586 2716 820 2804 Apostolorum
832 2716 1089 2804 ejusssnoverii
1100 2717 1317 2783 incursurum.
1357 2717 1481 2783 Datum

431 2829 449 2857 “
472 2820 658 2898 Avinionis,
698 2819 731 2906 vj
773 2819 942 2886 Kalendas
980 2819 1085 2898 Junii,
1125 2821 1339 2907 pontificatus
1378 2821 1483 2886 nostri

431 2933 449 2957 “
471 2944 560 2989 auno
575 2923 722 3009 quarto.''

475 3027 520 3092 Et
558 3025 651 3092 dioto
690 3023 784 3092 bollo
832 3025 1001 3090 liberator
1037 3023 1197 3091 Jooaam'
1248 3024 1377 3112 Worpo
1414 3025 1483 3092 esrai

433 3127 715 3194 camerariorum
745 3125 784 3191 de
822 3125 999 3192 Scoooorio
1028 3133 1058 3192 et
1096 3125 1236 3194 Roborio
1266 3127 1306 3192 de
1335 3127 1372 3192 lu
1401 3125 1484 3194 Feld

431 3229 549 3296 elerico
586 3227 810 3294 Tbesuuouria'
840 3226 968 3295 aeneo
1000 3234 1110 3296 oetaeo
1141 3229 1198 3294 die
1229 3229 1365 3308 Martii,
1394 3229 1483 3296 dioto

431 3353 526 3398 anuo
539 3330 665 3418 primo,
681 3330 728 3396 od
744 3329 1014 3409 custodiendum,
1030 3336 1085 3397 ete.

722 3565 946 3576 —ss-——w—

323 3745 757 3814 s0.⁵.TRANSOR1PTA
794 3745 1046 3814 BULLARUM
1085 3746 1336 3816 BONEFAOII
1366 3749 1482 3817 EPIS-

520 3849 635 3929 OOPI,
672 3848 807 3916 SERVI
847 3848 1098 3916 SERVORUM
1132 3849 1223 3928 DEI,
1253 3851 1314 3918 AC
1345 3851 1480 3920 CLEM-

520 3952 656 4018 ENTIS
688 3950 904 4030 EPISCOPl,
936 3950 1072 4018 SERVI
1104 3952 1353 4022 SERVORUM
1378 3955 1505 4028 Duff.

475 4093 666 4159 Bonifaoius
694 4091 883 4180 Episcopus,
909 4113 1024 4158 servus
1054 4115 1223 4159 servorum
1253 4093 1327 4174 Dei,
1347 4117 1482 4164 venera·

430 4196 554 4263 bilibus
569 4195 726 4261 fratribus
748 4195 912 4260 universis
927 4195 1189 4284 Archispisoopis
1204 4202 1240 4262 ei
1254 4197 1425 4284 Episoopis
1445 4221 1483 4267 ac

432 4299 561 4366 dilectis
576 4297 655 4362 liliis
670 4295 782 4362 electis
796 4296 995 4374 Abbaiibus,
1008 4297 1185 4376 Prioribus,
1197 4298 1351 4379 Deoanis,
1367 4301 1482 4368 Arubi-

431 4401 586 4477 diaoonis,
604 4399 801 4486 Praepositis,
816 4399 1122 4486 Archipresbyberis
1135 4405 1169 4466 el
1184 4400 1259 4467 aliis
1273 4403 1482 4470 eeclesiarum

430 4503 586 4593 proelaiis
602 4502 769 4588 capitulis,
784 4501 929 4588 collegiis
953 4506 988 4567 et
1003 4503 1229 4582 conventibus,
1247 4505 1482 4588 cisterciensis,

432 4605 655 4682 Olunaoensis,
680 4603 1013 4684 Praemonsiratensis,
1037 4604 1233 4672 Sanctorum
1255 4606 1427 4676 Benedicti
1449 4617 1484 4678 ei

603 4817 612 4851 ¹
626 4817 688 4870 Thia
700 4817 757 4868 title
767 4816 789 4869 is
801 4819 879 4870 taken
891 4818 956 4868 irum
968 4819 1012 4872 the
1023 4819 1103 4873 'sablo
1113 4821 1143 4874 oi
1153 4822 1285 4878 munna
