<?xml version="1.0" encoding="UTF-8"?>
<!DOCTYPE html PUBLIC "-//W3C//DTD XHTML 1.0 Transitional//EN"
    "http://www.w3.org/TR/xhtml1/DTD/xhtml1-transitional.dtd">
<html xmlns="http://www.w3.org/1999/xhtml" xml:lang="en" lang="en">
 <head>
  <title>
</title>
<meta http-equiv="Content-Type" content="text/html;charset=utf-8" />
  <meta name='ocr-system' content='tesseract 3.04.00' />
  <meta name='ocr-capabilities' content='ocr_page ocr_carea ocr_par ocr_line ocrx_word'/>
</head>
<body>
  <div class='ocr_page' id='page_1' title='image "./redbookexcheque00hallgoog_0380.png"; bbox 0 0 3598 5752; ppageno 0'>
   <div class='ocr_carea' id='block_1_1' title="bbox 823 851 1035 938">
    <p class='ocr_par' dir='ltr' id='par_1_1' title="bbox 823 851 1035 938">
     <span class='ocr_line' id='line_1_1' title="bbox 823 851 1035 938; baseline 0 -20"><span class='ocrx_word' id='word_1_1' title='bbox 823 855 838 938; x_wconf 91' lang='lat'>(</span> <span class='ocrx_word' id='word_1_2' title='bbox 886 851 973 921; x_wconf 80' lang='lat'>10⁷2</span> <span class='ocrx_word' id='word_1_3' title='bbox 1021 867 1035 936; x_wconf 82' lang='grc'><strong>)</strong></span> 
     </span>
    </p>
   </div>
   <div class='ocr_carea' id='block_1_2' title="bbox 714 1221 1116 1314">
    <p class='ocr_par' dir='ltr' id='par_1_2' title="bbox 714 1221 1116 1314">
     <span class='ocr_line' id='line_1_2' title="bbox 714 1221 1116 1314; baseline 0.032 -14"><span class='ocrx_word' id='word_1_4' title='bbox 714 1221 1015 1314; x_wconf 79' lang='grc' dir='ltr'>,ΑΡΡΕΝΒΙΧ</span> <span class='ocrx_word' id='word_1_5' title='bbox 1052 1223 1116 1314; x_wconf 83' lang='lat' dir='ltr'><strong>B.¹</strong></span> 
     </span>
    </p>
   </div>
   <div class='ocr_carea' id='block_1_3' title="bbox 209 1534 1443 1624">
    <p class='ocr_par' dir='ltr' id='par_1_3' title="bbox 209 1534 1443 1624">
     <span class='ocr_line' id='line_1_3' title="bbox 209 1534 1443 1624; baseline 0 -25"><span class='ocrx_word' id='word_1_6' title='bbox 209 1534 266 1584; x_wconf 76' lang='lat' dir='ltr'><strong>MS·</strong></span> <span class='ocrx_word' id='word_1_7' title='bbox 284 1535 365 1602; x_wconf 75' lang='lat' dir='ltr'><strong>narg.</strong></span> <span class='ocrx_word' id='word_1_8' title='bbox 427 1535 548 1604; x_wconf 60' lang='lat' dir='ltr'><strong>*Anno</strong></span> <span class='ocrx_word' id='word_1_9' title='bbox 564 1537 657 1624; x_wconf 84' lang='lat' dir='ltr'><strong>regni</strong></span> <span class='ocrx_word' id='word_1_10' title='bbox 673 1535 775 1624; x_wconf 87' lang='lat' dir='ltr'><strong>Regis</strong></span> <span class='ocrx_word' id='word_1_11' title='bbox 791 1534 931 1602; x_wconf 87' lang='lat' dir='ltr'><strong>Henriei</strong></span> <span class='ocrx_word' id='word_1_12' title='bbox 947 1535 1009 1601; x_wconf 88' lang='lat' dir='ltr'><strong>filii</strong></span> <span class='ocrx_word' id='word_1_13' title='bbox 1024 1535 1124 1622; x_wconf 83' lang='lat' dir='ltr'><strong>Regis</strong></span> <span class='ocrx_word' id='word_1_14' title='bbox 1139 1534 1162 1600; x_wconf 86' lang='lat' dir='ltr'>J</span> <span class='ocrx_word' id='word_1_15' title='bbox 1163 1535 1304 1600; x_wconf 88' lang='lat' dir='ltr'><strong>ohannis</strong></span> <span class='ocrx_word' id='word_1_16' title='bbox 1323 1534 1443 1617; x_wconf 72' lang='lat' dir='ltr'><strong>xxvijo,</strong></span> 
     </span>
    </p>
   </div>
   <div class='ocr_carea' id='block_1_4' title="bbox 210 1601 316 1720">
    <p class='ocr_par' dir='ltr' id='par_1_4' title="bbox 210 1601 316 1720">
     <span class='ocr_line' id='line_1_4' title="bbox 210 1601 316 1662; baseline 0.019 -12"><span class='ocrx_word' id='word_1_17' title='bbox 210 1605 267 1662; x_wconf 80' lang='lat' dir='ltr'><strong>als,</strong></span> <span class='ocrx_word' id='word_1_18' title='bbox 280 1601 316 1652; x_wconf 77' lang='lat' dir='ltr'><strong>fo.</strong></span> 
     </span>
     <span class='ocr_line' id='line_1_5' title="bbox 210 1669 276 1720; baseline 0.061 -4"><span class='ocrx_word' id='word_1_19' title='bbox 210 1671 242 1717; x_wconf 82' lang='grc'><strong>96</strong></span> <span class='ocrx_word' id='word_1_20' title='bbox 251 1669 276 1720; x_wconf 90' lang='lat' dir='ltr'><strong>b.</strong></span> 
     </span>
    </p>
   </div>
   <div class='ocr_carea' id='block_1_5' title="bbox 370 1635 1444 1726">
    <p class='ocr_par' dir='ltr' id='par_1_5' title="bbox 370 1635 1444 1726">
     <span class='ocr_line' id='line_1_6' title="bbox 370 1635 1444 1726; baseline -0.005 -21"><span class='ocrx_word' id='word_1_21' title='bbox 370 1638 437 1704; x_wconf 83' lang='lat' dir='ltr'><strong>&#39;die</strong></span> <span class='ocrx_word' id='word_1_22' title='bbox 465 1637 622 1704; x_wconf 82' lang='lat' dir='ltr'>Mercurii</span> <span class='ocrx_word' id='word_1_23' title='bbox 642 1639 797 1726; x_wconf 84' lang='lat' dir='ltr'><strong>proxima</strong></span> <span class='ocrx_word' id='word_1_24' title='bbox 824 1642 904 1704; x_wconf 87' lang='lat' dir='ltr'><strong>ante</strong></span> <span class='ocrx_word' id='word_1_25' title='bbox 935 1637 1059 1702; x_wconf 86' lang='lat' dir='ltr'><strong>festum</strong></span> <span class='ocrx_word' id='word_1_26' title='bbox 1083 1635 1242 1722; x_wconf 80' lang='lat' dir='ltr'>Gregorii,</span> <span class='ocrx_word' id='word_1_27' title='bbox 1267 1635 1358 1702; x_wconf 86' lang='lat' dir='ltr'><strong>faeta</strong></span> <span class='ocrx_word' id='word_1_28' title='bbox 1378 1635 1444 1702; x_wconf 86' lang='lat' dir='ltr'><strong>fuit</strong></span> 
     </span>
    </p>
   </div>
   <div class='ocr_carea' id='block_1_6' title="bbox 380 1737 1442 2743">
    <p class='ocr_par' dir='ltr' id='par_1_6' title="bbox 381 1737 1442 2010">
     <span class='ocr_line' id='line_1_7' title="bbox 382 1737 1441 1826; baseline -0.003 -20"><span class='ocrx_word' id='word_1_29' title='bbox 382 1741 585 1806; x_wconf 73' lang='lat' dir='ltr'><strong>examinatio</strong></span> <span class='ocrx_word' id='word_1_30' title='bbox 624 1746 693 1806; x_wconf 81' lang='lat' dir='ltr'><strong>tam</strong></span> <span class='ocrx_word' id='word_1_31' title='bbox 728 1761 824 1804; x_wconf 71' lang='lat' dir='ltr'><strong>novas</strong></span> <span class='ocrx_word' id='word_1_32' title='bbox 854 1761 954 1826; x_wconf 84' lang='lat' dir='ltr'><strong>quem</strong></span> <span class='ocrx_word' id='word_1_33' title='bbox 980 1739 1103 1804; x_wconf 91' lang='lat' dir='ltr'><strong>veteris</strong></span> <span class='ocrx_word' id='word_1_34' title='bbox 1130 1743 1273 1804; x_wconf 70' lang='lat' dir='ltr'><strong>monetes</strong></span> <span class='ocrx_word' id='word_1_35' title='bbox 1310 1737 1441 1826; x_wconf 76' lang='lat' dir='ltr'><strong>Angue</strong></span> 
     </span>
     <span class='ocr_line' id='line_1_8' title="bbox 381 1839 1442 1930; baseline -0.001 -23"><span class='ocrx_word' id='word_1_36' title='bbox 381 1864 440 1930; x_wconf 89' lang='lat' dir='ltr'><strong>per</strong></span> <span class='ocrx_word' id='word_1_37' title='bbox 475 1843 576 1908; x_wconf 88' lang='lat' dir='ltr'><strong>breve</strong></span> <span class='ocrx_word' id='word_1_38' title='bbox 612 1841 738 1906; x_wconf 89' lang='lat' dir='ltr'><strong>domini</strong></span> <span class='ocrx_word' id='word_1_39' title='bbox 776 1839 877 1929; x_wconf 87' lang='lat' dir='ltr'><strong>Regis</strong></span> <span class='ocrx_word' id='word_1_40' title='bbox 912 1841 1076 1906; x_wconf 84' lang='lat' dir='ltr'><strong>directum</strong></span> <span class='ocrx_word' id='word_1_41' title='bbox 1104 1840 1224 1922; x_wconf 73' lang='lat' dir='ltr'><strong>Maiori</strong></span> <span class='ocrx_word' id='word_1_42' title='bbox 1252 1845 1287 1906; x_wconf 94' lang='lat' dir='ltr'><strong>et</strong></span> <span class='ocrx_word' id='word_1_43' title='bbox 1313 1839 1442 1906; x_wconf 79' lang='lat' dir='ltr'><strong>nivibus</strong></span> 
     </span>
     <span class='ocr_line' id='line_1_9' title="bbox 383 1941 859 2010; baseline -0.002 -1"><span class='ocrx_word' id='word_1_44' title='bbox 383 1943 562 2010; x_wconf 74' lang='lat' dir='ltr'><strong>Iaondonise</strong></span> <span class='ocrx_word' id='word_1_45' title='bbox 577 1941 639 2008; x_wconf 90' lang='lat' dir='ltr'><strong>sub</strong></span> <span class='ocrx_word' id='word_1_46' title='bbox 654 1941 717 2008; x_wconf 85' lang='lat' dir='ltr'><strong>hae</strong></span> <span class='ocrx_word' id='word_1_47' title='bbox 732 1942 859 2008; x_wconf 75' lang='lat' dir='ltr'><strong>forma:</strong></span> 
     </span>
    </p>

    <p class='ocr_par' dir='ltr' id='par_1_7' title="bbox 380 2043 1442 2743">
     <span class='ocr_line' id='line_1_10' title="bbox 427 2043 1442 2131; baseline -0.002 -21"><span class='ocrx_word' id='word_1_48' title='bbox 427 2055 443 2080; x_wconf 90' lang='lat'><strong>“</strong></span> <span class='ocrx_word' id='word_1_49' title='bbox 457 2045 631 2124; x_wconf 86' lang='lat' dir='ltr'><strong>Henrieus,</strong></span> <span class='ocrx_word' id='word_1_50' title='bbox 669 2043 734 2110; x_wconf 90' lang='lat' dir='ltr'><strong>Dei</strong></span> <span class='ocrx_word' id='word_1_51' title='bbox 767 2044 885 2131; x_wconf 83' lang='lat' dir='ltr'><strong>gratia,</strong></span> <span class='ocrx_word' id='word_1_52' title='bbox 924 2044 998 2110; x_wconf 85' lang='lat' dir='ltr'><strong>Rex</strong></span> <span class='ocrx_word' id='word_1_53' title='bbox 1032 2044 1171 2130; x_wconf 67' lang='lat' dir='ltr'><strong>anglie,</strong></span> <span class='ocrx_word' id='word_1_54' title='bbox 1207 2047 1277 2122; x_wconf 80' lang='lat' dir='ltr'><strong>ete,</strong></span> <span class='ocrx_word' id='word_1_55' title='bbox 1322 2044 1442 2130; x_wconf 85' lang='lat' dir='ltr'><strong>Majori</strong></span> 
     </span>
     <span class='ocr_line' id='line_1_11' title="bbox 381 2145 1440 2233; baseline -0.001 -21"><span class='ocrx_word' id='word_1_56' title='bbox 381 2152 416 2213; x_wconf 89' lang='lat' dir='ltr'><strong>et</strong></span> <span class='ocrx_word' id='word_1_57' title='bbox 439 2147 569 2214; x_wconf 80' lang='lat' dir='ltr'><strong>civibus</strong></span> <span class='ocrx_word' id='word_1_58' title='bbox 593 2146 781 2223; x_wconf 80' lang='lat' dir='ltr'><strong>Londoniae‚</strong></span> <span class='ocrx_word' id='word_1_59' title='bbox 806 2145 957 2212; x_wconf 86' lang='lat' dir='ltr'><strong>salutem.</strong></span> <span class='ocrx_word' id='word_1_60' title='bbox 1005 2146 1206 2212; x_wconf 85' lang='lat' dir='ltr'><strong>Mandamns</strong></span> <span class='ocrx_word' id='word_1_61' title='bbox 1237 2145 1332 2211; x_wconf 86' lang='lat' dir='ltr'><strong>vobis</strong></span> <span class='ocrx_word' id='word_1_62' title='bbox 1362 2166 1440 2233; x_wconf 85' lang='lat' dir='ltr'><strong>qua·</strong></span> 
     </span>
     <span class='ocr_line' id='line_1_12' title="bbox 381 2247 1441 2336; baseline -0.002 -22"><span class='ocrx_word' id='word_1_63' title='bbox 381 2249 474 2316; x_wconf 88' lang='lat' dir='ltr'><strong>tinus</strong></span> <span class='ocrx_word' id='word_1_64' title='bbox 516 2249 647 2336; x_wconf 80' lang='lat' dir='ltr'><strong>eligatis</strong></span> <span class='ocrx_word' id='word_1_65' title='bbox 686 2247 735 2335; x_wconf 88' lang='lat' dir='ltr'><strong>xij</strong></span> <span class='ocrx_word' id='word_1_66' title='bbox 777 2247 818 2314; x_wconf 91' lang='lat' dir='ltr'><strong>de</strong></span> <span class='ocrx_word' id='word_1_67' title='bbox 856 2247 1106 2314; x_wconf 72' lang='lat' dir='ltr'><strong>discretioribus</strong></span> <span class='ocrx_word' id='word_1_68' title='bbox 1148 2253 1183 2313; x_wconf 87' lang='lat' dir='ltr'><strong>et</strong></span> <span class='ocrx_word' id='word_1_69' title='bbox 1228 2247 1441 2334; x_wconf 78' lang='lat' dir='ltr'><strong>legationibus</strong></span> 
     </span>
     <span class='ocr_line' id='line_1_13' title="bbox 380 2349 1441 2417; baseline -0.002 -2"><span class='ocrx_word' id='word_1_70' title='bbox 380 2349 571 2416; x_wconf 88' lang='lat' dir='ltr'><strong>hominibus</strong></span> <span class='ocrx_word' id='word_1_71' title='bbox 595 2349 753 2417; x_wconf 78' lang='lat' dir='ltr'><strong>Civitatis</strong></span> <span class='ocrx_word' id='word_1_72' title='bbox 780 2356 903 2416; x_wconf 81' lang='lat' dir='ltr'><strong>nostrae</strong></span> <span class='ocrx_word' id='word_1_73' title='bbox 930 2349 1110 2416; x_wconf 80' lang='lat' dir='ltr'><strong>Londoniae</strong></span> <span class='ocrx_word' id='word_1_74' title='bbox 1137 2356 1171 2415; x_wconf 91' lang='lat' dir='ltr'><strong>et</strong></span> <span class='ocrx_word' id='word_1_75' title='bbox 1197 2349 1244 2415; x_wconf 88' lang='lat' dir='ltr'><strong>eis</strong></span> <span class='ocrx_word' id='word_1_76' title='bbox 1272 2349 1441 2416; x_wconf 77' lang='lat' dir='ltr'><strong>associetia</strong></span> 
     </span>
     <span class='ocr_line' id='line_1_14' title="bbox 381 2449 1439 2540; baseline -0.002 -22"><span class='ocrx_word' id='word_1_77' title='bbox 381 2453 429 2540; x_wconf 85' lang='lat' dir='ltr'><strong>xij</strong></span> <span class='ocrx_word' id='word_1_78' title='bbox 462 2453 563 2519; x_wconf 86' lang='lat' dir='ltr'><strong>bonos</strong></span> <span class='ocrx_word' id='word_1_79' title='bbox 594 2452 785 2518; x_wconf 83' lang='lat' dir='ltr'><strong>aurifabros</strong></span> <span class='ocrx_word' id='word_1_80' title='bbox 813 2451 960 2537; x_wconf 87' lang='lat' dir='ltr'><strong>ejusdem</strong></span> <span class='ocrx_word' id='word_1_81' title='bbox 991 2451 1151 2530; x_wconf 84' lang='lat' dir='ltr'><strong>civitatis,</strong></span> <span class='ocrx_word' id='word_1_82' title='bbox 1182 2451 1230 2516; x_wconf 84' lang='lat' dir='ltr'><strong>ita</strong></span> <span class='ocrx_word' id='word_1_83' title='bbox 1273 2449 1362 2538; x_wconf 90' lang='lat' dir='ltr'><strong>quod</strong></span> <span class='ocrx_word' id='word_1_84' title='bbox 1403 2451 1439 2516; x_wconf 90' lang='lat' dir='ltr'><strong>in</strong></span> 
     </span>
     <span class='ocr_line' id='line_1_15' title="bbox 382 2553 1439 2641; baseline 0 -23"><span class='ocrx_word' id='word_1_85' title='bbox 382 2555 536 2620; x_wconf 87' lang='lat' dir='ltr'><strong>universo</strong></span> <span class='ocrx_word' id='word_1_86' title='bbox 573 2555 642 2620; x_wconf 88' lang='lat' dir='ltr'><strong>sint</strong></span> <span class='ocrx_word' id='word_1_87' title='bbox 677 2553 774 2640; x_wconf 84' lang='lat' dir='ltr'><strong>xxiiij</strong></span> <span class='ocrx_word' id='word_1_88' title='bbox 811 2553 954 2631; x_wconf 73' lang='lat' dir='ltr'><strong>disereti,</strong></span> <span class='ocrx_word' id='word_1_89' title='bbox 984 2554 1043 2641; x_wconf 93' lang='lat' dir='ltr'><strong>qui</strong></span> <span class='ocrx_word' id='word_1_90' title='bbox 1079 2553 1178 2620; x_wconf 90' lang='lat' dir='ltr'><strong>simul</strong></span> <span class='ocrx_word' id='word_1_91' title='bbox 1213 2560 1293 2619; x_wconf 84' lang='lat' dir='ltr'><strong>eant</strong></span> <span class='ocrx_word' id='word_1_92' title='bbox 1330 2575 1439 2620; x_wconf 81' lang='lat' dir='ltr'><strong>eornm</strong></span> 
     </span>
     <span class='ocr_line' id='line_1_16' title="bbox 382 2655 1440 2743; baseline -0.002 -21"><span class='ocrx_word' id='word_1_93' title='bbox 382 2656 568 2722; x_wconf 81' lang='lat' dir='ltr'><strong>Beronibus</strong></span> <span class='ocrx_word' id='word_1_94' title='bbox 598 2655 640 2721; x_wconf 91' lang='lat' dir='ltr'><strong>de</strong></span> <span class='ocrx_word' id='word_1_95' title='bbox 677 2655 847 2722; x_wconf 66' lang='lat' dir='ltr'><strong>&amp;somnio</strong></span> <span class='ocrx_word' id='word_1_96' title='bbox 881 2661 994 2721; x_wconf 84' lang='lat' dir='ltr'><strong>nostro</strong></span> <span class='ocrx_word' id='word_1_97' title='bbox 1031 2655 1121 2743; x_wconf 83' lang='lat' dir='ltr'><strong>apud</strong></span> <span class='ocrx_word' id='word_1_98' title='bbox 1153 2655 1375 2722; x_wconf 86' lang='lat' dir='ltr'><strong>Westmuster</strong></span> <span class='ocrx_word' id='word_1_99' title='bbox 1405 2661 1440 2721; x_wconf 90' lang='lat' dir='ltr'><strong>et</strong></span> 
     </span>
    </p>
   </div>
   <div class='ocr_carea' id='block_1_7' title="bbox 238 2756 1438 2845">
    <p class='ocr_par' dir='ltr' id='par_1_8' title="bbox 238 2756 1438 2845">
     <span class='ocr_line' id='line_1_17' title="bbox 238 2756 1438 2845; baseline 0.007 -32"><span class='ocrx_word' id='word_1_100' title='bbox 238 2763 336 2816; x_wconf 69' lang='lat' dir='ltr'><strong>unat</strong></span> <span class='ocrx_word' id='word_1_101' title='bbox 375 2758 483 2845; x_wconf 81' lang='lat' dir='ltr'><strong>jurati</strong></span> <span class='ocrx_word' id='word_1_102' title='bbox 506 2759 708 2836; x_wconf 73' lang='lat' dir='ltr'><strong>examinent,</strong></span> <span class='ocrx_word' id='word_1_103' title='bbox 726 2779 792 2821; x_wconf 84' lang='lat' dir='ltr'><strong>una</strong></span> <span class='ocrx_word' id='word_1_104' title='bbox 813 2777 888 2822; x_wconf 87' lang='lat' dir='ltr'><strong>eum</strong></span> <span class='ocrx_word' id='word_1_105' title='bbox 913 2756 962 2821; x_wconf 89' lang='lat' dir='ltr'><strong>eis</strong></span> <span class='ocrx_word' id='word_1_106' title='bbox 987 2757 1181 2835; x_wconf 79' lang='lat' dir='ltr'><strong>Beronibus,</strong></span> <span class='ocrx_word' id='word_1_107' title='bbox 1197 2761 1267 2823; x_wconf 86' lang='lat' dir='ltr'><strong>tam</strong></span> <span class='ocrx_word' id='word_1_108' title='bbox 1292 2763 1438 2823; x_wconf 85' lang='lat' dir='ltr'><strong>veterem</strong></span> 
     </span>
    </p>
   </div>
   <div class='ocr_carea' id='block_1_8' title="bbox 380 2859 1439 4480">
    <p class='ocr_par' dir='ltr' id='par_1_9' title="bbox 380 2859 1439 4480">
     <span class='ocr_line' id='line_1_18' title="bbox 381 2859 1438 2948; baseline 0 -22"><span class='ocrx_word' id='word_1_109' title='bbox 381 2882 480 2946; x_wconf 87' lang='lat' dir='ltr'><strong>quam</strong></span> <span class='ocrx_word' id='word_1_110' title='bbox 517 2881 638 2925; x_wconf 84' lang='lat' dir='ltr'><strong>novam</strong></span> <span class='ocrx_word' id='word_1_111' title='bbox 673 2865 841 2924; x_wconf 79' lang='lat' dir='ltr'><strong>monetam</strong></span> <span class='ocrx_word' id='word_1_112' title='bbox 872 2863 969 2924; x_wconf 84' lang='lat' dir='ltr'><strong>terrae</strong></span> <span class='ocrx_word' id='word_1_113' title='bbox 1005 2865 1126 2925; x_wconf 71' lang='lat' dir='ltr'><strong>nostrae</strong></span> <span class='ocrx_word' id='word_1_114' title='bbox 1165 2865 1200 2926; x_wconf 90' lang='lat' dir='ltr'><strong>et</strong></span> <span class='ocrx_word' id='word_1_115' title='bbox 1239 2859 1438 2948; x_wconf 83' lang='lat' dir='ltr'><strong>provideant</strong></span> 
     </span>
     <span class='ocr_line' id='line_1_19' title="bbox 381 2959 1438 3049; baseline -0.001 -20"><span class='ocrx_word' id='word_1_116' title='bbox 381 2962 524 3049; x_wconf 86' lang='lat' dir='ltr'><strong>qualiter</strong></span> <span class='ocrx_word' id='word_1_117' title='bbox 554 2960 672 3026; x_wconf 90' lang='lat' dir='ltr'><strong>melius</strong></span> <span class='ocrx_word' id='word_1_118' title='bbox 703 2960 776 3026; x_wconf 91' lang='lat' dir='ltr'><strong>fieri</strong></span> <span class='ocrx_word' id='word_1_119' title='bbox 809 2959 940 3039; x_wconf 81' lang='lat' dir='ltr'><strong>valeat3</strong></span> <span class='ocrx_word' id='word_1_120' title='bbox 984 2965 1019 3026; x_wconf 89' lang='lat' dir='ltr'><strong>et</strong></span> <span class='ocrx_word' id='word_1_121' title='bbox 1059 2960 1150 3048; x_wconf 85' lang='lat' dir='ltr'><strong>quod</strong></span> <span class='ocrx_word' id='word_1_122' title='bbox 1181 2961 1242 3026; x_wconf 84' lang='lat' dir='ltr'><strong>fiat</strong></span> <span class='ocrx_word' id='word_1_123' title='bbox 1281 2963 1322 3028; x_wconf 89' lang='lat' dir='ltr'><strong>de</strong></span> <span class='ocrx_word' id='word_1_124' title='bbox 1352 2962 1438 3028; x_wconf 89' lang='lat' dir='ltr'><strong>bono</strong></span> 
     </span>
     <span class='ocr_line' id='line_1_20' title="bbox 380 3061 1439 3152; baseline 0.004 -24"><span class='ocrx_word' id='word_1_125' title='bbox 380 3069 537 3152; x_wconf 61' lang='lat' dir='ltr'><strong>argentm</strong></span> <span class='ocrx_word' id='word_1_126' title='bbox 562 3066 597 3128; x_wconf 84' lang='lat' dir='ltr'><strong>et</strong></span> <span class='ocrx_word' id='word_1_127' title='bbox 620 3062 711 3149; x_wconf 90' lang='lat' dir='ltr'><strong>quod</strong></span> <span class='ocrx_word' id='word_1_128' title='bbox 743 3062 788 3126; x_wconf 82' lang='lat' dir='ltr'><strong>sit</strong></span> <span class='ocrx_word' id='word_1_129' title='bbox 818 3061 934 3151; x_wconf 70' lang='lat' dir='ltr'><strong>legalis</strong></span> <span class='ocrx_word' id='word_1_130' title='bbox 964 3065 999 3127; x_wconf 87' lang='lat' dir='ltr'><strong>et</strong></span> <span class='ocrx_word' id='word_1_131' title='bbox 1031 3061 1074 3126; x_wconf 88' lang='lat' dir='ltr'><strong>ad</strong></span> <span class='ocrx_word' id='word_1_132' title='bbox 1102 3063 1310 3129; x_wconf 76' lang='lat' dir='ltr'><strong>commodum</strong></span> <span class='ocrx_word' id='word_1_133' title='bbox 1336 3063 1439 3151; x_wconf 84' lang='lat' dir='ltr'><strong>regni</strong></span> 
     </span>
     <span class='ocr_line' id='line_1_21' title="bbox 381 3161 1329 3253; baseline 0.001 -21"><span class='ocrx_word' id='word_1_134' title='bbox 381 3166 484 3232; x_wconf 87' lang='lat' dir='ltr'><strong>Salva</strong></span> <span class='ocrx_word' id='word_1_135' title='bbox 508 3165 604 3230; x_wconf 89' lang='lat' dir='ltr'><strong>nobis</strong></span> <span class='ocrx_word' id='word_1_136' title='bbox 631 3164 727 3229; x_wconf 86' lang='lat' dir='ltr'><strong>firma</strong></span> <span class='ocrx_word' id='word_1_137' title='bbox 753 3167 868 3230; x_wconf 84' lang='lat' dir='ltr'><strong>nostra</strong></span> <span class='ocrx_word' id='word_1_138' title='bbox 893 3161 1077 3249; x_wconf 86' lang='lat' dir='ltr'><strong>approbata</strong></span> <span class='ocrx_word' id='word_1_139' title='bbox 1103 3170 1137 3230; x_wconf 86' lang='lat' dir='ltr'><strong>et</strong></span> <span class='ocrx_word' id='word_1_140' title='bbox 1163 3165 1329 3253; x_wconf 79' lang='lat' dir='ltr'><strong>antiqua”</strong></span> 
     </span>
     <span class='ocr_line' id='line_1_22' title="bbox 426 3263 1438 3354; baseline 0 -20"><span class='ocrx_word' id='word_1_141' title='bbox 426 3266 661 3334; x_wconf 83' lang='lat' dir='ltr'><strong>Gonaientibus</strong></span> <span class='ocrx_word' id='word_1_142' title='bbox 683 3265 787 3353; x_wconf 88' lang='lat' dir='ltr'><strong>igitur</strong></span> <span class='ocrx_word' id='word_1_143' title='bbox 814 3265 902 3351; x_wconf 90' lang='lat' dir='ltr'><strong>apud</strong></span> <span class='ocrx_word' id='word_1_144' title='bbox 928 3263 1259 3332; x_wconf 77' lang='lat' dir='ltr'><strong>westmonasterium</strong></span> <span class='ocrx_word' id='word_1_145' title='bbox 1280 3267 1438 3354; x_wconf 78' lang='lat' dir='ltr'><strong>praedieta</strong></span> 
     </span>
     <span class='ocr_line' id='line_1_23' title="bbox 381 3366 1437 3456; baseline 0 -20"><span class='ocrx_word' id='word_1_146' title='bbox 381 3371 435 3436; x_wconf 83' lang='lat' dir='ltr'><strong>die</strong></span> <span class='ocrx_word' id='word_1_147' title='bbox 460 3369 617 3436; x_wconf 82' lang='lat' dir='ltr'><strong>Mercurii</strong></span> <span class='ocrx_word' id='word_1_148' title='bbox 642 3367 742 3435; x_wconf 84' lang='lat' dir='ltr'><strong>dictis</strong></span> <span class='ocrx_word' id='word_1_149' title='bbox 768 3366 894 3454; x_wconf 83' lang='lat' dir='ltr'><strong>Majore</strong></span> <span class='ocrx_word' id='word_1_150' title='bbox 920 3372 955 3431; x_wconf 89' lang='lat' dir='ltr'><strong>et</strong></span> <span class='ocrx_word' id='word_1_151' title='bbox 979 3366 1109 3434; x_wconf 84' lang='lat' dir='ltr'><strong>civibus</strong></span> <span class='ocrx_word' id='word_1_152' title='bbox 1136 3368 1323 3448; x_wconf 63' lang='lat' dir='ltr'><strong>Londoniau</strong></span> <span class='ocrx_word' id='word_1_153' title='bbox 1336 3369 1437 3456; x_wconf 84' lang='lat' dir='ltr'><strong>juxta</strong></span> 
     </span>
     <span class='ocr_line' id='line_1_24' title="bbox 380 3466 1437 3557; baseline 0.003 -23"><span class='ocrx_word' id='word_1_154' title='bbox 380 3470 520 3538; x_wconf 86' lang='lat' dir='ltr'><strong>formam</strong></span> <span class='ocrx_word' id='word_1_155' title='bbox 551 3469 701 3557; x_wconf 79' lang='lat' dir='ltr'><strong>praedieti</strong></span> <span class='ocrx_word' id='word_1_156' title='bbox 731 3467 851 3546; x_wconf 88' lang='lat' dir='ltr'><strong>brevis,</strong></span> <span class='ocrx_word' id='word_1_157' title='bbox 881 3466 1052 3554; x_wconf 85' lang='lat' dir='ltr'><strong>elegerunt</strong></span> <span class='ocrx_word' id='word_1_158' title='bbox 1082 3491 1125 3535; x_wconf 88' lang='lat' dir='ltr'><strong>ex</strong></span> <span class='ocrx_word' id='word_1_159' title='bbox 1155 3491 1190 3536; x_wconf 90' lang='lat' dir='ltr'><strong>se</strong></span> <span class='ocrx_word' id='word_1_160' title='bbox 1214 3469 1261 3557; x_wconf 84' lang='lat' dir='ltr'><strong>xij</strong></span> <span class='ocrx_word' id='word_1_161' title='bbox 1297 3471 1338 3537; x_wconf 90' lang='lat' dir='ltr'><strong>de</strong></span> <span class='ocrx_word' id='word_1_162' title='bbox 1371 3471 1437 3536; x_wconf 86' lang='lat' dir='ltr'><strong>dis-</strong></span> 
     </span>
     <span class='ocr_line' id='line_1_25' title="bbox 380 3570 1437 3661; baseline -0.001 -20"><span class='ocrx_word' id='word_1_163' title='bbox 380 3575 577 3642; x_wconf 83' lang='lat' dir='ltr'><strong>cretioribus</strong></span> <span class='ocrx_word' id='word_1_164' title='bbox 605 3573 704 3640; x_wconf 74' lang='lat' dir='ltr'><strong>dicte</strong></span> <span class='ocrx_word' id='word_1_165' title='bbox 734 3570 891 3647; x_wconf 79' lang='lat' dir='ltr'><strong>civitatis¹</strong></span> <span class='ocrx_word' id='word_1_166' title='bbox 915 3570 1080 3650; x_wconf 87' lang='lat' dir='ltr'><strong>videlieet,</strong></span> <span class='ocrx_word' id='word_1_167' title='bbox 1107 3571 1302 3640; x_wconf 82' lang='lat' dir='ltr'><strong>Mieheelem</strong></span> <span class='ocrx_word' id='word_1_168' title='bbox 1332 3573 1437 3661; x_wconf 82' lang='lat' dir='ltr'><strong>Tovy,</strong></span> 
     </span>
     <span class='ocr_line' id='line_1_26' title="bbox 381 3671 1434 3763; baseline -0.002 -20"><span class='ocrx_word' id='word_1_169' title='bbox 381 3683 461 3743; x_wconf 85' lang='lat' dir='ltr'><strong>tuno</strong></span> <span class='ocrx_word' id='word_1_170' title='bbox 485 3675 677 3763; x_wconf 84' lang='lat' dir='ltr'><strong>Majore[m]</strong></span> <span class='ocrx_word' id='word_1_171' title='bbox 704 3672 894 3750; x_wconf 81' lang='lat' dir='ltr'><strong>Londoniae,</strong></span> <span class='ocrx_word' id='word_1_172' title='bbox 923 3671 1123 3740; x_wconf 88' lang='lat' dir='ltr'><strong>Nieholaum</strong></span> <span class='ocrx_word' id='word_1_173' title='bbox 1161 3675 1228 3742; x_wconf 85' lang='lat' dir='ltr'><strong>Bet</strong></span> <span class='ocrx_word' id='word_1_174' title='bbox 1251 3680 1286 3742; x_wconf 88' lang='lat' dir='ltr'><strong>et</strong></span> <span class='ocrx_word' id='word_1_175' title='bbox 1309 3675 1434 3744; x_wconf 89' lang='lat' dir='ltr'><strong>Willel-</strong></span> 
     </span>
     <span class='ocr_line' id='line_1_27' title="bbox 380 3779 1435 3860; baseline 0.002 -13"><span class='ocrx_word' id='word_1_176' title='bbox 380 3805 472 3848; x_wconf 90' lang='lat' dir='ltr'><strong>mum</strong></span> <span class='ocrx_word' id='word_1_177' title='bbox 505 3783 661 3860; x_wconf 78' lang='lat' dir='ltr'><strong>vitalem,</strong></span> <span class='ocrx_word' id='word_1_178' title='bbox 688 3786 769 3847; x_wconf 89' lang='lat' dir='ltr'><strong>tune</strong></span> <span class='ocrx_word' id='word_1_179' title='bbox 803 3779 1011 3846; x_wconf 85' lang='lat' dir='ltr'><strong>vioeeomites</strong></span> <span class='ocrx_word' id='word_1_180' title='bbox 1039 3780 1227 3860; x_wconf 80' lang='lat' dir='ltr'><strong>Londoniae,</strong></span> <span class='ocrx_word' id='word_1_181' title='bbox 1249 3783 1357 3850; x_wconf 84' lang='lat' dir='ltr'><strong>Adam</strong></span> <span class='ocrx_word' id='word_1_182' title='bbox 1394 3783 1435 3849; x_wconf 91' lang='lat' dir='ltr'><strong>de</strong></span> 
     </span>
     <span class='ocr_line' id='line_1_28' title="bbox 383 3879 1436 3971; baseline 0.003 -23"><span class='ocrx_word' id='word_1_183' title='bbox 383 3883 551 3971; x_wconf 84' lang='lat' dir='ltr'><strong>Basinges,</strong></span> <span class='ocrx_word' id='word_1_184' title='bbox 579 3881 740 3949; x_wconf 86' lang='lat' dir='ltr'><strong>Thomam</strong></span> <span class='ocrx_word' id='word_1_185' title='bbox 764 3882 806 3948; x_wconf 89' lang='lat' dir='ltr'><strong>de</strong></span> <span class='ocrx_word' id='word_1_186' title='bbox 830 3879 1005 3960; x_wconf 88' lang='lat' dir='ltr'><strong>Dunelmo,</strong></span> <span class='ocrx_word' id='word_1_187' title='bbox 1029 3881 1216 3950; x_wconf 83' lang='lat' dir='ltr'><strong>Johannem</strong></span> <span class='ocrx_word' id='word_1_188' title='bbox 1243 3884 1285 3950; x_wconf 90' lang='lat' dir='ltr'><strong>de</strong></span> <span class='ocrx_word' id='word_1_189' title='bbox 1312 3883 1436 3965; x_wconf 80' lang='lat' dir='ltr'><strong>Gisorz,</strong></span> 
     </span>
     <span class='ocr_line' id='line_1_29' title="bbox 381 3981 1436 4073; baseline 0.002 -23"><span class='ocrx_word' id='word_1_190' title='bbox 381 3983 617 4073; x_wconf 80' lang='lat' dir='ltr'><strong>Stephanum³</strong></span> <span class='ocrx_word' id='word_1_191' title='bbox 633 3983 786 4062; x_wconf 86' lang='lat' dir='ltr'><strong>Bukerel,</strong></span> <span class='ocrx_word' id='word_1_192' title='bbox 796 3981 1013 4048; x_wconf 84' lang='lat' dir='ltr'><strong>Laurentium</strong></span> <span class='ocrx_word' id='word_1_193' title='bbox 1023 3983 1064 4049; x_wconf 89' lang='lat' dir='ltr'><strong>de</strong></span> <span class='ocrx_word' id='word_1_194' title='bbox 1076 3985 1240 4065; x_wconf 82' lang='lat' dir='ltr'><strong>Frowike,</strong></span> <span class='ocrx_word' id='word_1_195' title='bbox 1249 3986 1436 4054; x_wconf 86' lang='lat' dir='ltr'><strong>Johannem</strong></span> 
     </span>
     <span class='ocr_line' id='line_1_30' title="bbox 380 4082 1435 4167; baseline 0.002 -15"><span class='ocrx_word' id='word_1_196' title='bbox 380 4088 533 4166; x_wconf 86' lang='lat' dir='ltr'><strong>Adriani,</strong></span> <span class='ocrx_word' id='word_1_197' title='bbox 582 4085 767 4152; x_wconf 83' lang='lat' dir='ltr'><strong>Radulium</strong></span> <span class='ocrx_word' id='word_1_198' title='bbox 827 4082 964 4162; x_wconf 79' lang='lat' dir='ltr'><strong>Har-del,</strong></span> <span class='ocrx_word' id='word_1_199' title='bbox 1035 4085 1218 4153; x_wconf 83' lang='lat' dir='ltr'><strong>Radulfum</strong></span> <span class='ocrx_word' id='word_1_200' title='bbox 1280 4088 1435 4167; x_wconf 85' lang='lat' dir='ltr'><strong>Fabrum,</strong></span> 
     </span>
     <span class='ocr_line' id='line_1_31' title="bbox 380 4185 1433 4275; baseline -0.002 -19"><span class='ocrx_word' id='word_1_201' title='bbox 380 4188 561 4256; x_wconf 74' lang='lat' dir='ltr'><strong>Radulfum</strong></span> <span class='ocrx_word' id='word_1_202' title='bbox 584 4186 792 4275; x_wconf 83' lang='lat' dir='ltr'><strong>Spieiarium,</strong></span> <span class='ocrx_word' id='word_1_203' title='bbox 811 4185 1000 4251; x_wconf 89' lang='lat' dir='ltr'><strong>Hamonem</strong></span> <span class='ocrx_word' id='word_1_204' title='bbox 1015 4186 1057 4252; x_wconf 89' lang='lat' dir='ltr'><strong>de</strong></span> <span class='ocrx_word' id='word_1_205' title='bbox 1078 4186 1231 4268; x_wconf 74' lang='lat' dir='ltr'><strong>Gmtello,</strong></span> <span class='ocrx_word' id='word_1_206' title='bbox 1245 4188 1433 4256; x_wconf 84' lang='lat' dir='ltr'><strong>Johannem</strong></span> 
     </span>
     <span class='ocr_line' id='line_1_32' title="bbox 380 4285 1432 4375; baseline 0.001 -18"><span class='ocrx_word' id='word_1_207' title='bbox 380 4291 411 4357; x_wconf 89' lang='lat' dir='ltr'><strong>le</strong></span> <span class='ocrx_word' id='word_1_208' title='bbox 444 4291 566 4368; x_wconf 85' lang='lat' dir='ltr'><strong>Minur,</strong></span> <span class='ocrx_word' id='word_1_209' title='bbox 597 4290 747 4356; x_wconf 87' lang='lat' dir='ltr'><strong>Odonem</strong></span> <span class='ocrx_word' id='word_1_210' title='bbox 775 4286 930 4363; x_wconf 84' lang='lat' dir='ltr'><strong>Fabrum,</strong></span> <span class='ocrx_word' id='word_1_211' title='bbox 960 4285 1004 4351; x_wconf 86' lang='lat' dir='ltr'><strong>ad</strong></span> <span class='ocrx_word' id='word_1_212' title='bbox 1035 4288 1227 4375; x_wconf 81' lang='lat' dir='ltr'><strong>proedietem</strong></span> <span class='ocrx_word' id='word_1_213' title='bbox 1263 4291 1432 4358; x_wconf 83' lang='lat' dir='ltr'><strong>examina·</strong></span> 
     </span>
     <span class='ocr_line' id='line_1_33' title="bbox 380 4389 1434 4480; baseline 0 -20"><span class='ocrx_word' id='word_1_214' title='bbox 380 4393 505 4460; x_wconf 89' lang='lat' dir='ltr'><strong>tionem</strong></span> <span class='ocrx_word' id='word_1_215' title='bbox 525 4391 718 4458; x_wconf 76' lang='lat' dir='ltr'><strong>faciendam</strong></span> <span class='ocrx_word' id='word_1_216' title='bbox 764 4389 830 4471; x_wconf 82' lang='lat' dir='ltr'><strong>Qui</strong></span> <span class='ocrx_word' id='word_1_217' title='bbox 853 4389 938 4477; x_wconf 86' lang='lat' dir='ltr'><strong>xiij⁴</strong></span> <span class='ocrx_word' id='word_1_218' title='bbox 952 4390 988 4454; x_wconf 90' lang='lat' dir='ltr'><strong>in</strong></span> <span class='ocrx_word' id='word_1_219' title='bbox 1003 4389 1166 4457; x_wconf 85' lang='lat' dir='ltr'><strong>fidelitate</strong></span> <span class='ocrx_word' id='word_1_220' title='bbox 1187 4413 1254 4480; x_wconf 88' lang='lat' dir='ltr'><strong>qua</strong></span> <span class='ocrx_word' id='word_1_221' title='bbox 1275 4398 1434 4460; x_wconf 89' lang='lat' dir='ltr'><strong>tenentur</strong></span> 
     </span>
    </p>
   </div>
   <div class='ocr_carea' id='block_1_9' title="bbox 381 4579 1435 4889">
    <p class='ocr_par' dir='ltr' id='par_1_10' title="bbox 381 4579 1435 4889">
     <span class='ocr_line' id='line_1_34' title="bbox 413 4579 1435 4647; baseline -0.001 -13"><span class='ocrx_word' id='word_1_222' title='bbox 413 4583 423 4616; x_wconf 87' lang='lat'>¹</span> <span class='ocrx_word' id='word_1_223' title='bbox 436 4583 486 4634; x_wconf 76' lang='lat' dir='ltr'><strong>See</strong></span> <span class='ocrx_word' id='word_1_224' title='bbox 497 4585 527 4634; x_wconf 83' lang='grc' dir='ltr'><strong>Ρ.</strong></span> <span class='ocrx_word' id='word_1_225' title='bbox 538 4583 600 4633; x_wconf 82' lang='lat' dir='ltr'><strong>eeel.</strong></span> <span class='ocrx_word' id='word_1_226' title='bbox 657 4598 665 4610; x_wconf 83' lang='lat'><strong><em>¹</em></strong></span> <span class='ocrx_word' id='word_1_227' title='bbox 929 4579 1053 4630; x_wconf 73' lang='lat' dir='ltr'><strong>thelim</strong></span> <span class='ocrx_word' id='word_1_228' title='bbox 1070 4579 1100 4630; x_wconf 78' lang='lat' dir='ltr'><strong>of</strong></span> <span class='ocrx_word' id='word_1_229' title='bbox 1111 4580 1232 4632; x_wconf 73' lang='lat' dir='ltr'><strong>nouom</strong></span> <span class='ocrx_word' id='word_1_230' title='bbox 1247 4583 1298 4632; x_wconf 79' lang='lat' dir='ltr'><strong>and</strong></span> <span class='ocrx_word' id='word_1_231' title='bbox 1314 4583 1435 4647; x_wconf 70' lang='lat' dir='ltr'><strong>preosda</strong></span> 
     </span>
     <span class='ocr_line' id='line_1_35' title="bbox 929 4656 1277 4712; baseline 0.011 -6"><span class='ocrx_word' id='word_1_232' title='bbox 929 4657 973 4706; x_wconf 79' lang='lat' dir='ltr'><strong>the</strong></span> <span class='ocrx_word' id='word_1_233' title='bbox 985 4656 1089 4708; x_wconf 73' lang='lat' dir='ltr'><strong>Milites</strong></span> <span class='ocrx_word' id='word_1_234' title='bbox 1100 4657 1277 4712; x_wconf 66' lang='lat' dir='ltr'><strong>Nonam.</strong></span> 
     </span>
     <span class='ocr_line' id='line_1_36' title="bbox 413 4735 1266 4803; baseline -0.002 -10"><span class='ocrx_word' id='word_1_235' title='bbox 413 4741 516 4793; x_wconf 69' lang='lat' dir='ltr'><strong>’mere</strong></span> <span class='ocrx_word' id='word_1_236' title='bbox 537 4739 560 4791; x_wconf 81' lang='lat' dir='ltr'><strong>ia</strong></span> <span class='ocrx_word' id='word_1_237' title='bbox 582 4754 616 4789; x_wconf 88' lang='lat' dir='ltr'><strong>no</strong></span> <span class='ocrx_word' id='word_1_238' title='bbox 638 4737 750 4803; x_wconf 71' lang='lat' dir='ltr'><strong>heading</strong></span> <span class='ocrx_word' id='word_1_239' title='bbox 776 4736 804 4789; x_wconf 87' lang='lat' dir='ltr'><strong>in</strong></span> <span class='ocrx_word' id='word_1_240' title='bbox 825 4737 884 4790; x_wconf 82' lang='lat' dir='ltr'><strong>MS.</strong></span> <span class='ocrx_word' id='word_1_241' title='bbox 962 4735 1266 4803; x_wconf 47' lang='lat' dir='ltr'><strong>quotminus,</strong></span> 
     </span>
     <span class='ocr_line' id='line_1_37' title="bbox 381 4815 1136 4889; baseline -0.003 -17"><span class='ocrx_word' id='word_1_242' title='bbox 381 4818 625 4889; x_wconf 53' lang='lat' dir='ltr'><strong>flammamtis</strong></span> <span class='ocrx_word' id='word_1_243' title='bbox 637 4815 885 4870; x_wconf 60' lang='lat' dir='ltr'><strong>manauer-</strong></span> <span class='ocrx_word' id='word_1_244' title='bbox 963 4815 1031 4867; x_wconf 67' lang='grc' dir='ltr'><strong>*δίο</strong></span> <span class='ocrx_word' id='word_1_245' title='bbox 1043 4817 1136 4870; x_wconf 73' lang='lat' dir='ltr'><strong>inus</strong></span> 
     </span>
    </p>
   </div>
   <div class='ocr_carea' id='block_1_10' title="bbox 0 0 1804 5752">
    <p class='ocr_par' dir='ltr' id='par_1_11' title="bbox 0 0 1804 5752">
     <span class='ocr_line' id='line_1_38' title="bbox 0 0 1804 5752; baseline 0 3"><span class='ocrx_word' id='word_1_246' title='bbox 0 0 1804 5752; x_wconf 95' lang='lat' dir='ltr'><strong> </strong></span> 
     </span>
    </p>
   </div>
  </div>
 </body>
</html>
