3598 5752
414 921 478 986 998
658 935 762 986 mem
785 935 924 986 emaus
947 935 994 985 na
1016 933 1212 986 scsccsmo.

412 1122 481 1208 xjd.
504 1123 562 1209 qui
586 1127 666 1188 sunt
692 1121 804 1208 xliiijs.
849 1120 937 1208 mgo
968 1127 1033 1185 v⁴¹⁹
1063 1139 1183 1186 marem
1212 1118 1374 1185 valebunt
1404 1115 1462 1204 le.

412 1225 533 1310 quibus
563 1223 788 1310 superadditis
818 1223 942 1309 xxxijs.
970 1221 1056 1308 pro¹
1083 1223 1192 1308 pretio
1225 1220 1461 1307 predictarum

412 1329 553 1393 duarum
583 1347 777 1403 marcarum,
807 1325 933 1392 facient
962 1345 1125 1390 summam
1141 1323 1212 1411 xijl.
1240 1323 1315 1410 xijs.
1363 1323 1462 1400 Item,

412 1429 611 1516 computabo
627 1430 715 1516 quod
735 1432 869 1494 monete
893 1428 936 1492 ad
958 1426 1027 1492 ixd.
1053 1428 1095 1493 de
1120 1426 1229 1504 allaio,
1245 1426 1337 1493 velet
1352 1445 1463 1491 marca

412 1531 509 1618 xlviij
537 1531 666 1597 vicibus
704 1529 771 1596 ixd.
804 1531 862 1615 qui
892 1534 972 1596 sunt
1002 1528 1134 1616 xxxvjs.
1197 1527 1328 1615 Septies
1359 1527 1464 1614 igitur

413 1634 546 1722 xxxvje.
562 1633 690 1700 faciunt
705 1633 741 1698 in
757 1654 886 1698 summe
894 1632 967 1718 xijt.
983 1632 1056 1719 xije.
1072 1638 1236 1719 utsupra.
1283 1631 1329 1698 Et
1343 1631 1391 1698 sic
1406 1651 1464 1717 per

415 1736 558 1824 pretium
587 1735 718 1822 argenti
749 1735 874 1800 veritas
905 1734 995 1799 allaii
1026 1734 1268 1821 comprobatur.
1339 1731 1464 1797 Eedem

414 1837 516 1903 etiem
532 1837 660 1902 ratione
675 1834 778 1902 habet
794 1835 865 1900 fieri
880 1857 978 1901 omne
999 1835 1136 1901 allaium
1152 1841 1187 1900 et
1201 1833 1354 1920 probari;
1377 1833 1465 1900 unde

414 1961 490 2006 cum
506 1939 576 2005 hem
595 1937 717 2024 regule
744 1937 957 2003 assaiementi
983 1942 1018 2004 et
1041 1938 1246 2025 probationis
1270 1935 1362 2002 allaii
1387 1941 1467 2002 sunt

414 2041 616 2118 infallibilem
654 2041 816 2106 discretus
852 2040 1006 2106 allaiator
1037 2061 1080 2105 ex
1110 2039 1181 2106 sola
1212 2038 1353 2104 materia
1391 2036 1464 2103 falli

414 2143 539 2231 poterit
568 2146 629 2208 aut
657 2162 767 2206 errare
796 2141 832 2205 in
865 2139 963 2216 iacto,
989 2139 1019 2204 si
1056 2141 1151 2218 forte,
1178 2141 1251 2228 ipso
1285 2140 1467 2226 ignorante,

415 2251 600 2332 argentum,
630 2265 673 2309 ex
713 2265 779 2330 qno
824 2243 883 2308 fiet
924 2241 1070 2319 elicium,
1101 2243 1146 2308 sit
1188 2241 1344 2308 deficiens
1380 2239 1468 2326 quod

416 2347 571 2412 idoneum
594 2346 780 2433 reputabat.
824 2345 905 2412 Hsec
929 2353 1040 2412 autem
1064 2366 1258 2432 quacunque
1279 2344 1373 2432 potui
1395 2343 1467 2409 bre·

416 2451 523 2515 vitate
560 2449 740 2534 perstrinxi
771 2455 810 2514 ut
846 2449 1082 2534 consequentia
1114 2453 1297 2536 tangantur
1336 2468 1467 2532 expres-

417 2553 485 2617 sius
509 2571 548 2616 ea
563 2571 637 2636 qme
651 2557 804 2638 spectant
818 2550 862 2615 ad
883 2550 1019 2616 alleium
1043 2555 1236 2618 consuetum
1259 2551 1295 2614 in
1317 2548 1469 2636 partibus

417 2652 618 2740 Angliccnis.

463 2753 554 2820 Scire
584 2775 661 2841 ergo
687 2758 819 2840 oportet
849 2753 938 2839 quod
969 2753 1005 2817 in
1031 2753 1131 2818 ellaio
1154 2759 1297 2820 monetae
1324 2750 1467 2840 Anglise,

417 2859 462 2925 ad
491 2858 665 2924 dimidiam
697 2858 837 2934 unciam,
860 2857 972 2922 decem
1002 2857 1163 2943 sterlingi,
1193 2857 1294 2923 etad
1325 2875 1469 2920 marcam

417 2961 503 3046 xiije.
520 2959 603 3048 iiijd.
620 2964 863 3046 computantur,
876 2959 971 3044 cujus
985 2959 1077 3023 allaii
1093 2960 1178 3024 ratio
1193 2959 1237 3026 ab
1251 2959 1318 3035 illa,
1329 2957 1371 3023 de
1386 2956 1468 3043 xijd.

418 3064 455 3130 in
470 3063 609 3128 dimidie
624 3062 732 3138 uncie,
742 3066 776 3126 et
791 3062 832 3127 de
848 3061 1013 3128 sexdecim
1029 3061 1144 3127 solidis
1159 3062 1196 3126 in
1211 3081 1321 3128 marca
1337 3063 1470 3125 tantum

420 3165 519 3232 modo
533 3163 664 3228 differre
688 3162 822 3228 videtur
837 3163 873 3226 in
889 3183 1033 3228 numero.
1081 3162 1341 3250 verumptamen
1364 3159 1470 3226 emboe

420 3267 622 3334 conveniunt
645 3265 680 3329 in
705 3264 847 3350 pondere
864 3270 899 3329 et
921 3265 957 3328 in
980 3262 1097 3342 forma,
1120 3264 1298 3350 utmbique
1321 3263 1409 3330 enim
1434 3262 1471 3327 in

421 3368 570 3454 quelibet
600 3389 710 3434 merca
740 3367 906 3432 sexdecim
936 3367 1082 3432 dimidiae
1113 3367 1219 3434 unciae
1249 3367 1471 3434 continentur.

422 3471 511 3538 Hinc
526 3471 677 3557 estquod
692 3477 868 3558 argentum
884 3469 928 3534 ad
942 3491 967 3533 x
985 3469 1162 3556 sterlingos
1178 3470 1218 3535 de
1234 3469 1333 3535 allaio
1349 3469 1472 3535 dicitur

421 3573 763 3660 easepurissimum,et
772 3572 820 3637 sic
829 3591 889 3658 per
897 3592 1073 3637 numerum
1083 3570 1320 3658 sterlingorum
1332 3571 1470 3637 alleium

421 3674 599 3762 cujuslibet
628 3678 769 3739 monetas
794 3682 883 3738 recte
914 3674 1039 3758 poterit
1068 3673 1253 3760 computari
1281 3679 1316 3739 et
1346 3671 1427 3750 fieri,
1451 3694 1472 3738 a

423 3777 556 3854 nichilo,
571 3775 735 3851 videlicet,
750 3795 810 3861 per
824 3795 929 3862 gisna
951 3782 985 3840 et
1000 3774 1161 3852 denarios,
1177 3795 1280 3862 usque
1302 3776 1346 3842 ad
1361 3773 1473 3840 decem

425 3877 600 3963 sterlingos
615 3878 655 3942 de
670 3877 770 3941 allaio
790 3876 1005 3954 ascendendo,
1019 3896 1085 3963 quo
1104 3881 1243 3964 argento
1266 3897 1332 3942 non
1347 3876 1473 3963 poterit

426 3978 565 4046 melius²
594 3977 746 4043 iuvenili.
802 3975 1050 4062 Subsequenter
1087 3979 1257 4045 sciendum
1299 3983 1351 4043 est
1384 3976 1473 4063 quod
1532 4052 1539 4070 ⁹

424 4082 624 4150 standardus
640 4085 780 4144 monetoe
796 4078 927 4165 Angliaa
950 4085 1001 4144 est
1016 4080 1060 4146 ad
1075 4081 1111 4146 ix
1127 4081 1303 4167 sterlingos
1326 4081 1474 4168 quinque

423 4207 527 4274 grana
543 4192 577 4252 et
588 4183 764 4250 dimidium
777 4184 817 4248 de
829 4183 939 4262 cuais,
951 4195 985 4249 et
993 4206 1052 4270 per
1068 4183 1300 4270 hocprcbetur
1311 4189 1474 4269 quantum

424 4287 581 4377 quaelibet
595 4307 706 4352 marca
721 4291 756 4350 et
771 4285 856 4351 libre
870 4285 1063 4351 contineant
1078 4285 1115 4349 in
1126 4291 1283 4370 argentm
1298 4285 1422 4350 etenim
1437 4284 1474 4348 ix

424 4387 585 4474 sterlingi
597 4393 661 4450 vque
681 4407 787 4472 granc
802 4389 837 4450 et
859 4384 1035 4449 dimidium
1060 4383 1274 4470 multiplicati
1299 4383 1475 4460 sexdecies,

425 4488 553 4554 faciunt
591 4486 665 4572 xije.
696 4485 767 4570 iijd.
797 4484 844 4550 ob.
884 4492 918 4550 et
948 4491 1092 4571 quatuor
1125 4504 1230 4570 grana
1270 4485 1402 4571 argenti
1432 4485 1475 4549 ad

268 4619 313 4669 1³0.
326 4621 383 4669 m,
426 4610 579 4664 meream,
602 4587 722 4672 quibus
749 4586 963 4672 superaddita
985 4585 1164 4651 medietate
1188 4587 1287 4660 tanti,
1311 4585 1476 4662 videlicet,

868 4764 971 4771 .-—.-
977 4765 1195 4772 -...-...-...-.
1203 4767 1210 4771 .
1285 4765 1445 4772 -ffl-o—..n

460 4865 467 4898 ¹
481 4865 521 4926 de,
534 4863 589 4915 MS.
601 4863 701 4915 Cotton.
944 4861 950 4934 Ι
996 4861 1105 4911 'nelias
1115 4877 1163 4912 nen
1173 4861 1278 4934 poterit,
1290 4863 1345 4913 MS.
1357 4863 1460 4916 Cotton.
