3598 5752
545 897 647 947 nrum
669 895 806 946 aornos
829 897 877 946 nn
899 895 1093 946 soleclum.
1262 881 1348 945 1029

301 1083 484 1170 specialem
506 1083 656 1171 praefatis
679 1083 803 1176 Sancto
826 1088 861 1150 et
877 1083 1038 1171 Episcopo
1059 1083 1249 1170 praedictam
1277 1084 1347 1148 red·
1367 1101 1518 1154 murcos.

301 1185 443 1252 didimus
459 1186 647 1253 libertatem
669 1186 857 1252 habendam
879 1191 914 1252 et
935 1187 1113 1252 tenendam
1136 1190 1170 1250 et
1192 1185 1349 1250 utendam

301 1287 407 1353 eidem
434 1288 596 1376 Episcopo
623 1294 659 1354 et
682 1289 921 1354 successoribus
952 1288 1020 1358 suis
1050 1287 1132 1352 adeo
1163 1288 1291 1373 integre
1316 1293 1350 1352 et

301 1389 402 1456 libere
417 1391 505 1456 sieut
519 1391 606 1456 idem
624 1391 804 1477 Episcopus
819 1397 853 1456 et
865 1390 1115 1478 praedecessores
1130 1389 1182 1454 sui
1198 1390 1350 1476 Episcopi

300 1491 447 1577 ejusdem
462 1492 525 1558 loci
540 1514 613 1558 eam
637 1493 879 1558 rationabiliter
901 1492 1099 1568 habuerunt,
1114 1497 1295 1557 tenuerunt
1317 1497 1351 1557 et

301 1613 340 1658 ea
372 1595 422 1658 usi
453 1594 598 1671 fuerunt,
628 1599 706 1660 ante
737 1595 922 1680 captionem
954 1594 1101 1680 ejusdem
1126 1591 1288 1658 libertatis
1316 1595 1351 1656 in

302 1717 437 1761 manum
452 1701 607 1762 nostram.
631 1693 637 1704 '
655 1697 718 1773 Itu,
732 1696 893 1773 videlicet,
910 1696 998 1781 quod
1014 1695 1106 1759 salva
1122 1695 1190 1759 sint
1206 1695 1300 1759 nobis
1317 1701 1351 1760 et

301 1792 486 1864 heredibus
500 1799 623 1864 nostris
645 1799 736 1886 regia
758 1798 904 1885 dignitas
927 1803 1047 1874 nostra,
1060 1796 1146 1881 jura,
1162 1803 1196 1862 et
1211 1819 1262 1861 res
1278 1818 1350 1882 quae

302 1901 343 1964 ad
371 1923 431 1966 nos
455 1907 490 1967 et
514 1923 666 1966 coronam
682 1907 829 1968 nostram
845 1900 1014 1986 pertinent
1038 1899 1182 1978 ibidem;
1205 1903 1240 1965 et
1262 1899 1349 1984 quod

303 2003 414 2068 omnia
428 2003 626 2069 concordata
641 2010 676 2068 et
690 2003 863 2089 pacificata
889 2003 976 2066 inter
1002 2001 1128 2067 dictum
1152 2001 1348 2088 Episcopum

302 2110 338 2170 et
352 2104 500 2171 homines
516 2105 613 2170 dicta
635 2104 882 2170 communitatis
905 2125 1013 2169 coram
1037 2103 1133 2168 nobis
1156 2110 1190 2168 et
1212 2102 1349 2168 consilio

302 2211 476 2286 nostrone
499 2207 749 2272 reformationes
772 2213 807 2272 ct
830 2207 1046 2272 correctiones
1068 2228 1128 2292 per
1142 2227 1347 2270 communem

300 2329 469 2374 assensum
485 2308 663 2374 eorundem
679 2309 782 2386 factm,
798 2310 878 2374 dum
901 2308 1059 2396 praedicta
1084 2307 1217 2372 libertas
1233 2308 1349 2373 extitit

303 2411 338 2475 iu
367 2433 467 2476 manu
498 2417 620 2490 nostra,
651 2413 894 2498 imperpetuum
926 2417 1104 2477 teneantur
1141 2415 1176 2474 et
1213 2410 1351 2475 firmiter

301 2514 527 2580 observentur.
576 2513 622 2579 Et
637 2515 665 2578 si
681 2514 755 2599 quis
775 2513 887 2578 forsan
912 2513 1158 2578 contravenerit
1181 2513 1217 2575 iu
1239 2513 1350 2597 aliquo

303 2616 555 2700 premissorum,
571 2616 657 2700 quod
674 2636 733 2679 nos
750 2620 784 2679 et
805 2613 951 2678 haeredes
974 2613 1079 2678 nostri
1094 2612 1137 2678 ad
1156 2612 1189 2676 id
1215 2635 1350 2677 manum

304 2738 515 2804 apponamus,
540 2718 693 2803 quotiens
724 2717 818 2782 nobis
847 2721 880 2782 et
907 2717 987 2802 ipsis
1017 2715 1203 2780 haeredibus
1230 2715 1352 2780 uostris

303 2819 372 2884 fore
399 2819 569 2885 videbitur
593 2819 789 2894 faciendum.
851 2818 889 2882 In
917 2817 1011 2902 cujus
1036 2819 1093 2894 rei,
1120 2823 1178 2882 etc.
1225 2816 1351 2902 T[este]

305 2922 422 3011 R[ege]
439 2923 528 3009 apud
548 2922 664 2987 villam
688 2922 801 3001 Sancti
826 2921 990 2986 Johannis
1013 2920 1053 2985 de
1077 2919 1205 2998 Perthe,
1222 2919 1280 3004 viij
1298 2919 1351 2982 die

306 3024 396 3102 Julii‚
411 3047 509 3102 anno,
525 3030 595 3101 etc,
609 3023 775 3090 tricesimo
790 3021 919 3109 primo,1

657 3273 1001 3282 ψ...

143 3483 281 3534 llomctd.
349 3468 599 3534 Memorandum
631 3468 719 3553 quod
750 3473 889 3532 vacante
925 3467 1000 3531 sede
1038 3465 1256 3531 Dunolmensi
1294 3490 1354 3555 per
1407 3486 1493 3548 Teme.

304 3575 443 3636 mortem
468 3569 601 3634 Ricardi
627 3569 658 3632 le
685 3567 808 3634 Povere
836 3566 989 3654 Episcopi
1021 3566 1177 3652 ejusdem,
1203 3569 1353 3634 custodia
1383 3555 1448 3604 lien.
1461 3551 1513 3607 1¹¹·

304 3671 441 3738 manerii
472 3671 513 3736 de
539 3669 660 3736 Setone
685 3670 788 3754 juxta
821 3669 1000 3754 Hertepole
1031 3671 1191 3734 remansit
1218 3671 1352 3736 domino

305 3773 386 3860 Regi
410 3779 572 3857 tanquam
598 3771 768 3857 pertinens
798 3771 841 3835 ad
873 3770 1107 3856 Episcopatum
1138 3772 1352 3855 praedictum;

305 3895 340 3940 eo
356 3875 444 3961 quod
461 3873 636 3960 praedietus
653 3872 834 3958 Episcopus
849 3873 927 3936 inde
949 3893 1017 3937 nou
1039 3873 1208 3937 ordinavit
1229 3876 1264 3937 in
1280 3876 1353 3940 vita

304 3999 363 4043 sua
386 3997 494 4063 neque
521 3976 557 4040 in
582 3997 642 4040 suo
666 3979 872 4040 testamento.
920 3975 984 4052 Ita,
1007 3982 1254 4060 consequenter,
1276 4000 1351 4043 cum

305 4085 390 4146 esset
404 4079 558 4146 dominus
575 4077 757 4144 Nicholaus
781 4077 928 4160 ejusdem
952 4079 1014 4142 loci
1042 4079 1212 4164 episcopus
1236 4082 1351 4145 confir-

305 4187 422 4257 matus,
446 4189 480 4246 et
511 4185 621 4245 essent
651 4181 681 4245 ei
712 4181 869 4245 restituta
900 4179 1105 4264 temporalia,
1132 4182 1292 4245 remansit
1323 4185 1352 4247 ei

305 4285 454 4349 custodia
491 4287 656 4348 terrarum
688 4282 777 4346 Petri
808 4281 849 4346 dc
880 4281 968 4345 Orde
992 4282 1094 4367 juxta
1126 4281 1280 4348 Castrum
1312 4286 1352 4349 de

307 4385 465 4463 Norbam,
481 4406 519 4451 eo
535 4384 623 4470 quod
640 4384 749 4450 dictus
765 4382 919 4448 dominus
935 4383 1007 4448 Rex
1023 4405 1089 4448 nou
1114 4385 1250 4450 dederat
1266 4387 1353 4452 idem

307 4489 487 4553 manerium
502 4509 563 4552 nec
578 4487 731 4552 vendidit
754 4491 831 4551 ante
855 4487 1099 4551 restitutionem
1122 4489 1352 4572 temporalium

307 4591 411 4682 eidem
426 4589 518 4656 facto
533 4590 702 4677 Episcopo
754 4589 948 4666 Praedictum
966 4588 1151 4654 custodiam
1174 4590 1214 4655 de
1233 4591 1354 4658 Setone

446 4827 454 4860 ¹
466 4845 542 4894 anno,
554 4836 609 4892 ata,
620 4826 743 4876 tricesimo
758 4825 843 4896 primo
858 4825 880 4875 ir
894 4841 911 4876 a
921 4825 987 4876 later
997 4825 1112 4878 addition
1123 4825 1150 4876 iu
1165 4828 1217 4880 MS.
