3598 5752
587 927 688 990 arens
712 939 849 990 ananus
873 937 919 988 ns
943 936 1138 988 sonnonem.
1308 925 1393 988 1005

328 1126 528 1191 terminum.
561 1125 597 1191 Si
613 1128 658 1192 sit
669 1127 817 1192 defectus
830 1126 917 1192 infre
928 1127 1022 1191 illum
1034 1128 1223 1202 terminum,
1233 1134 1314 1193 tune
1326 1149 1391 1193 non

328 1232 390 1292 est
411 1227 622 1314 impedienda
648 1228 842 1294 deliberatio
869 1251 943 1294 oum
969 1235 1103 1294 moneta
1130 1230 1175 1293 sit
1202 1235 1281 1315 apte
1296 1230 1391 1308 usui;

328 1330 395 1394 sed
412 1331 670 1418 praecipiendum
687 1335 738 1396 est
756 1331 917 1418 Magistro
930 1330 1018 1415 quod
1034 1331 1234 1395 tantundem
1245 1332 1390 1396 melioris

328 1439 480 1498 monetae
511 1435 613 1499 faeiat
644 1433 809 1499 fabricari.
857 1433 894 1498 Si
927 1439 1008 1497 vero'
1037 1434 1187 1499 defectus
1218 1434 1263 1499 sit
1294 1441 1390 1499 extra

327 1536 516 1600 terminum
532 1535 722 1612 limitatum,
738 1540 798 1600 aut
814 1535 964 1600 defectus
980 1535 1035 1600 ille
1052 1536 1117 1600 erit
1132 1535 1313 1613 mediocris,
1329 1549 1388 1600 aut

327 1638 486 1703 enormis.
534 1637 571 1702 Si
594 1638 776 1715 mediocris
794 1643 833 1701 ut
849 1638 877 1701 si
893 1637 1058 1701 modicum
1082 1637 1185 1702 distet
1210 1661 1231 1702 a
1255 1645 1389 1703 moneta

329 1740 552 1816 deliberabili,
568 1746 648 1806 tuno
668 1740 802 1826 quidem
817 1739 1019 1825 impedietur
1035 1738 1249 1819 deliberati03
1266 1748 1388 1818 tamen,

329 1844 443 1908 mixta
468 1864 543 1908 eum
569 1845 636 1908 alia
660 1843 788 1908 meliori
818 1848 962 1918 monete,
987 1841 1201 1907 deliberanda
1228 1845 1292 1908 erit
1317 1845 1388 1908 sine

328 1945 578 2030 impedimento.
625 1945 663 2011 Si
678 1951 790 2011 autom
814 1945 962 2009 defectus
978 1945 1022 2008 sit
1037 1946 1187 2021 enormis,
1204 1952 1242 2010 ut
1258 1946 1286 2010 si
1302 1947 1387 2010 mul-

329 2055 409 2112 tum
433 2047 535 2114 distet
549 2070 570 2113 a
585 2053 719 2112 moneta
747 2046 963 2123 deliberabili‚
979 2052 1059 2111 tuno
1085 2047 1149 2111 erit
1173 2055 1307 2113 monete
1329 2048 1387 2112 illa

329 2151 515 2228 fundenda,
530 2171 605 2216 oum
628 2151 726 2216 aliter
742 2151 907 2215 emendari
932 2171 997 2214 non
1024 2151 1136 2236 possit,
1151 2156 1185 2215 et
1208 2151 1250 2215 ad
1274 2157 1386 2216 custus

330 2252 488 2338 Magistri
504 2254 608 2338 ipsius
624 2258 765 2318 monetae
780 2252 932 2318 ondende
947 2257 982 2316 et
997 2252 1149 2316 totaliter
1172 2253 1385 2318 emendenda.

331 2352 471 2419 Etcum
488 2377 529 2419 ex
547 2354 608 2418 hoe
622 2355 710 2420 idem
727 2354 886 2440 Magister
912 2354 1037 2418 nemini
1062 2355 1242 2441 dampnum
1259 2356 1386 2421 dedisse

330 2456 560 2533 convineatur,
587 2457 628 2522 de
658 2457 817 2542 aequitete
847 2477 915 2520 non
953 2457 1017 2520 erit
1055 2457 1153 2522 aliter
1191 2459 1385 2543 puniendus.

331 2560 472 2647 Semper
496 2561 584 2625 enim
606 2576 657 2626 est
683 2560 773 2625 loeus
789 2559 1012 2624 emendationi
1036 2565 1186 2638 monetae,
1203 2583 1305 2646 usque
1322 2584 1386 2649 quo

330 2671 410 2748 post
426 2663 676 2728 deliberationis
686 2683 825 2727 examen
841 2661 882 2726 ad
900 2661 1083 2726 utendum¹
1099 2662 1201 2728 fuerit
1218 2664 1385 2750 deputata.

331 2767 427 2831 Tune
442 2765 578 2831 autem2
594 2767 804 2830 examinator
819 2765 860 2829 de
876 2765 980 2850 ipsius
996 2763 1194 2830 sufficientia
1216 2768 1387 2833 tenebitur

331 2871 538 2947 respondere,
552 2869 652 2953 juxte
668 2869 755 2954 qnod
772 2889 831 2954 per
846 2867 956 2955 ipsum
972 2867 1008 2930 in
1032 2866 1268 2933 deliberatione
1284 2871 1386 2934 fuerit

326 2973 524 3058 judicatum.
572 2971 609 3035 Si
636 2991 714 3034 vero
741 2977 831 3035 nerto
858 2970 1002 3034 termino
1026 2969 1086 3033 fiet
1118 2970 1320 3036 examinatio
1345 2970 1386 3036 de

333 3076 457 3162 pixide,
473 3083 573 3156 prout
588 3096 655 3138 una
671 3074 759 3160 pixis
769 3074 840 3137 fieri
857 3074 1028 3138 consuevit
1044 3074 1107 3138 sub
1118 3073 1226 3138 tribus
1237 3075 1386 3140 clavibus

334 3199 393 3243 seu
408 3179 546 3243 serrnris
562 3178 601 3242 de
618 3199 685 3241 une
700 3177 770 3240 sole
786 3177 884 3251 diets,
894 3176 947 3240 vel
959 3175 1120 3261 pluribus,
1130 3199 1229 3262 quem
1242 3178 1293 3242 vel
1305 3201 1386 3264 quas

333 3281 492 3345 fabricari
514 3279 726 3366 eontigerit'a
741 3281 883 3343 termino
897 3299 934 3342 1n
951 3277 1129 3342 terminum
1154 3279 1383 3344 deliberationi

333 3383 438 3469 ipsius
454 3382 578 3468 pixidis
594 3383 822 3447 constitutum.
870 3379 1045 3465 Expeditis
1069 3379 1142 3444 aliis
1169 3403 1241 3466 quae
1259 3383 1384 3447 ineum-

333 3484 428 3562 bunt,
454 3483 651 3548 sumendum
677 3489 727 3546 est
754 3482 897 3546 asssium
926 3501 1016 3545 more
1041 3481 1140 3546 solito
1165 3485 1205 3545 de
1232 3484 1385 3548 omnibus

333 3592 476 3656 denariis
501 3591 605 3656 totins
621 3589 745 3675 pixidis
761 3588 860 3652 simul
877 3587 1009 3665 mixtis;
1035 3592 1068 3652 et
1084 3589 1131 3652 sio
1146 3589 1244 3652 assaii
1261 3590 1385 3653 exemi-

333 3695 424 3759 natio
441 3693 612 3768 restaliat,
630 3713 729 3777 quem
746 3691 879 3755 unicum
904 3689 1072 3774 aequitatis
1083 3691 1248 3774 judicium
1272 3691 1383 3756 subse-

333 3803 460 3882 quetur.
496 3795 690 3860 Inanditum
706 3798 757 3858 est
772 3798 883 3858 autem
894 3791 1048 3857 omnibns
1061 3793 1182 3878 ubique
1193 3795 1384 3858 monetariis

334 3899 421 3985 quod
452 3897 574 3963 alieubi
599 3895 762 3982 judicium
802 3895 925 3981 pixidis
963 3895 1062 3958 aliter
1100 3917 1246 3981 unquam
1280 3896 1384 3963 fuerit

333 4003 558 4069 terminatum.
594 3999 731 4086 Semper
746 3999 832 4063 enim
849 3998 999 4063 faciendo
1015 3999 1162 4084 pixidem
1187 4000 1316 4065 licitum
1333 4006 1383 4066 est

333 4127 434 4170 unam
461 4108 629 4168 monetam
654 4104 690 4167 in
716 4103 829 4166 eadem
854 4100 969 4188 pixide
993 4123 1053 4186 per
1078 4101 1177 4166 aliem
1205 4103 1382 4168 emendari.

335 4207 421 4272 Nam
447 4205 567 4272 suffieit
592 4209 756 4270 monetam
780 4203 886 4270 totius
909 4201 1034 4289 pixidis
1057 4203 1291 4269 universaliter
1315 4227 1383 4271 esse

333 4311 453 4377 bonam
491 4315 525 4376 et
564 4307 807 4374 deliberabilem
840 4306 939 4371 simul
978 4305 1127 4372 mixtam.
1175 4305 1220 4370 Et
1250 4307 1292 4371 ad
1324 4309 1384 4372 hoo

303 4424 306 4429 '
334 4414 536 4502 suffragatur
552 4411 755 4478 consuetudo
779 4409 961 4475 eommunis
980 4415 1047 4472 tem
1069 4408 1105 4471 in
1126 4430 1228 4494 regno
1246 4410 1382 4497 Aegiis,

335 4538 433 4602 quam
448 4518 484 4580 in
500 4514 574 4580 aliis
589 4513 700 4602 regnis
716 4513 876 4578 haetenus
892 4510 1084 4597 approbata.

379 4619 448 4684 Aut
460 4619 566 4704 igitur
577 4618 719 4682 assatum
732 4616 795 4679 rite
804 4615 927 4681 fa'otum
937 4611 1129 4678 invenietur
1141 4611 1315 4692 sufficiens,
1324 4622 1384 4679 aut

1137 4754 1242 4760 Q-
1249 4756 1262 4759 ..
1290 4755 1316 4761 ....
1323 4755 1383 4762 ---

369 4839 509 4906 hisnem,
520 4839 575 4888 MS.
589 4837 691 4889 Cotton.
838 4830 843 4898 Ι
890 4830 967 4882 ²MS.
980 4829 1082 4883 Cotton.
1094 4830 1170 4882 omits
1182 4838 1272 4884 autem.
