3598 5752
601 953 704 1003 irsnn
727 951 864 1002 nunnus
888 952 934 1000 nu
956 951 1151 1002 sessorum.
1334 930 1399 1002 997

350 1137 519 1202 eontineri
566 1136 623 1202 Fit
637 1142 751 1202 eutem
766 1136 904 1204 eunium
920 1140 1060 1202 monetis
1076 1155 1136 1223 per
1151 1135 1399 1202 eonversionenn

348 1239 464 1304 nltied
475 1239 618 1315 bassum,
629 1245 664 1306 et
675 1261 693 1304 e
704 1261 880 1319 eonvers03
903 1255 937 1303 et
952 1239 1076 1305 dieitur
1088 1239 1396 1324 essenltumquod-

349 1361 478 1429 cunque
493 1341 585 1406 bilho
600 1342 670 1406 sive
689 1347 865 1428 argentum
881 1343 918 1406 in
940 1341 1039 1407 elisio
1062 1341 1168 1406 fuerit
1190 1362 1291 1427 supra
1306 1361 1398 1405 mon·

350 1447 437 1509 stem
452 1463 528 1531 quse
543 1443 621 1510 inde
637 1445 790 1511 extiterit
805 1445 979 1510 nllaisnde.
1026 1445 1165 1510 Bassum
1181 1465 1259 1508 vero
1275 1442 1399 1510 dieitur
1452 1493 1455 1496 -

350 1544 440 1631 quod
453 1546 516 1612 sub
531 1545 647 1611 endem
663 1552 795 1612 monete
810 1546 951 1612 inferius
966 1547 1003 1611 in
1019 1546 1117 1612 nllsio
1133 1547 1305 1631 reperitur.
1354 1546 1399 1610 Et

350 1647 413 1712 hon
426 1647 556 1733 patebit
570 1646 703 1714 facilius
718 1669 777 1734 per
792 1648 989 1735 exemplum.
1035 1647 1126 1713 Pono
1149 1648 1238 1734 quod
1260 1647 1397 1713 debeam

349 1748 486 1816 nllnisre
508 1755 674 1817 monetam
689 1751 733 1816 ed
749 1750 816 1816 ixd
834 1751 876 1816 de
895 1751 1001 1827 allato,
1018 1755 1052 1816 et
1072 1750 1214 1816 habeam
1230 1751 1397 1815 bilhonern

350 1851 421 1917 sive
444 1857 617 1938 argentum
644 1853 688 1918 ed
714 1853 783 1940 xjct
806 1853 847 1918 ds
874 1854 973 1919 allnio
1000 1859 1035 1918 et
1057 1852 1101 1918 ad
1124 1851 1207 1938 iiijd.
1224 1853 1266 1918 de
1288 1852 1396 1919 elisio.

349 1953 481 2021 Dioitur
501 1961 615 2021 nutem
629 1956 720 2022 bilho
736 1961 870 2022 monete
885 1955 1023 2022 defense
1038 1977 1112 2042 quae
1128 1956 1285 2022 videlieet
1300 1977 1398 2022 eursu

350 2062 449 2124 nnret.
495 2059 565 2146 Ego
580 2059 686 2147 igit-ur
700 2059 898 2144 computabo
914 2059 1002 2146 quod
1017 2081 1038 2124 a
1054 2060 1090 2124 ix
1100 2061 1262 2146 usquead
1278 2058 1333 2144 xj¹
1349 2064 1400 2125 est

349 2159 510 2236 distantia
525 2162 566 2226 de
581 2161 719 2228 duobus.
765 2162 852 2228 Item
868 2182 889 2228 a
902 2163 940 2226 ix
956 2183 1060 2248 usque
1074 2162 1118 2228 ud
1140 2162 1190 2248 iiij
1208 2166 1259 2228 est
1273 2162 1399 2227 disten·

348 2263 398 2328 tia
422 2263 464 2329 de
489 2264 644 2350 quinque.
692 2265 795 2331 Faetn
817 2269 931 2330 sutem
956 2266 1170 2330 conversione
1198 2265 1240 2330 de
1264 2265 1333 2331 ulto
1357 2266 1400 2330 ad

349 2364 490 2443 bessum,
505 2387 627 2453 ponem
643 2367 725 2432 dues
740 2388 867 2433 marnes
882 2367 918 2432 in
933 2366 1033 2432 sllnio
1048 2367 1089 2432 de
1110 2367 1245 2432 bilhone
1260 2367 1302 2432 nd
1318 2367 1401 2454 iiijd.

350 2466 391 2533 de
406 2467 513 2544 sileio,
524 2475 560 2534 et
574 2469 721 2556 quinque
737 2491 863 2535 marens
875 2470 916 2536 de
931 2475 1071 2557 argento
1086 2471 1128 2534 ad
1145 2468 1215 2554 xjd.
1232 2470 1272 2535 ds
1290 2469 1397 2536 ellnio.

151 2589 208 2639 so.
220 2587 317 2638 selu
352 2570 397 2634 Et
411 2571 458 2636 sin
472 2571 528 2636 ille
543 2577 669 2658 septem
686 2593 814 2649 msreae,
828 2571 928 2636 simul
950 2573 1076 2648 mixtae,
1094 2577 1194 2637 erunt
1211 2572 1254 2637 nd
1274 2572 1341 2638 ixd.
1358 2574 1400 2638 de

353 2672 451 2738 elisio
466 2673 541 2760 plus
557 2695 616 2740 nee
632 2676 750 2739 minus.
796 2673 840 2738 Et
854 2674 916 2739 hoe
935 2673 1064 2740 duobus
1079 2673 1298 2740 modisvnleo
1313 2697 1399 2740 com·

352 2775 498 2860 probare.
546 2775 657 2841 Primo
674 2777 771 2841 modo
781 2777 980 2863 computabo
991 2775 1079 2860 quod
1095 2777 1186 2841 bilno
1201 2777 1244 2842 ad
1259 2776 1342 2860 iiijd
1359 2777 1400 2842 de

353 2876 460 2955 ullnio,
484 2880 632 2944 eontinet
656 2879 813 2964 quaelibet
839 2899 951 2944 mures
973 2879 1138 2944 sexdecim
1163 2879 1293 2945 vicibus
1308 2880 1400 2966 iiijd.,

353 2979 478 3044 scilieet
493 3001 538 3044 vs.
554 2980 659 3067 iiijd.:
682 2987 717 3046 et
732 2980 779 3046 sie
800 2980 875 3045 duae
891 3001 1009 3046 msreae
1033 2982 1207 3046 continent
1231 3004 1278 3047 xs.
1307 2982 1399 3068 viijd.

353 3081 393 3146 de
407 3087 553 3170 argento.
601 3083 696 3158 Item,
712 3080 909 3167 computabo
922 3083 1009 3168 quod
1026 3089 1200 3167 ungentum
1215 3084 1258 3149 ad
1274 3083 1342 3168 xjd.
1359 3087 1400 3151 de

351 3183 459 3261 elisio,
473 3184 623 3250 continet
638 3183 794 3269 quaelibst
810 3205 920 3249 mures
935 3205 994 3248 sex
1009 3183 1116 3250 decies
1129 3185 1217 3268 xjd.;
1242 3187 1299 3271 qui
1322 3192 1401 3253 sunt

352 3285 449 3370 xiiijn.
471 3284 574 3371 viijd„
596 3286 664 3370 qui,
679 3285 892 3371 multiplicati
916 3286 1101 3372 quinquies,
1116 3287 1244 3353 fuciunt
1261 3288 1399 3374 Lxxiijs.

351 3385 434 3470 iiijd.
466 3387 507 3451 de
544 3392 699 3472 ergent03
731 3387 852 3472 quibus
883 3387 1105 3471 superadditis
1135 3411 1181 3453 xe.
1215 3389 1308 3475 viijd.
1341 3413 1401 3477 pro

353 3589 481 3657 fuciunt
499 3600 560 3652 ΝΘ
581 3611 708 3655 marens
724 3597 759 3655 et
775 3591 857 3656 dune
873 3590 1005 3671 unciss3
1029 3592 1163 3669 scilieet,
1175 3614 1235 3679 pro
1252 3595 1400 3679 quelibet

353 3714 471 3772 marce,
486 3694 570 3779 xvjs.
588 3693 797 3778 computetis.
843 3692 1147 3780 Item‚computeb0
1163 3695 1251 3779 quod
1268 3703 1401 3762 monete

352 3797 395 3861 sd
416 3794 486 3861 ixd.
509 3795 550 3860 ds
572 3795 679 3872 nllsio,
695 3794 794 3860 debet
816 3796 985 3861 continere
1005 3796 1161 3881 quaelibet
1184 3819 1296 3865 meree
1327 3821 1399 3864 sex-

352 3898 457 3962 decim
482 3897 612 3962 vicibus
636 3895 704 3960 ixd.
721 3897 761 3960 de
788 3909 937 3983 argento,
962 3897 1019 3982 qui
1044 3903 1124 3962 sunt
1150 3901 1222 3981 xijs.
1271 3901 1400 3987 Septies

352 4102 457 4166 uneiae
481 4101 622 4186 urgenti,
637 4105 678 4164 ut
703 4120 811 4184 supra.
860 4099 904 4164 Et
927 4099 973 4164 sic
999 4101 1161 4185 probetur
1181 4103 1344 4167 sufficiens
1364 4107 1400 4168 in

351 4213 496 4290 urgento.
543 4202 696 4267 Secundo
711 4202 809 4265 modo
824 4201 1023 4286 computabo
1039 4203 1127 4287 quod
1143 4225 1253 4270 maren
1268 4207 1399 4293 urgenti

353 4305 561 4391 appreciatur
606 4303 650 4368 ud
686 4303 808 4386 xlviiJs.
842 4303 885 4368 ud
934 4303 1070 4368 elisium
1109 4308 1398 4392 comprobandum.

354 4407 502 4471 Bilhonis
518 4427 595 4492 ergo
604 4405 647 4470 nd
663 4405 739 4491 iiijd
752 4405 792 4469 de
808 4404 917 4482 eilai0,
932 4406 1023 4470 velet
1035 4428 1144 4472 merea
1160 4407 1255 4494 xlviij
1270 4409 1398 4477 vicibus

351 4607 448 4688 Item,
462 4609 592 4696 argenti
607 4609 650 4674 sd
666 4609 732 4694 xjd.
746 4609 787 4674 de
803 4609 912 4687 sileio,
924 4609 1015 4676 velet
1031 4632 1142 4678 meree
1157 4611 1253 4698 xlviij
1272 4614 1400 4682 vicibus
1447 4681 1450 4686 Δ
1504 4668 1505 4675 ,

494 4775 597 4782 .η-«..-.--
906 4775 1016 4784 ι-..η--η
1047 4779 1052 4783 .
1065 4778 1109 4784 n...-
1121 4779 1375 4790 ...-.-·-u-—..--a.-—
1385 4785 1401 4792 ..

745 4874 984 4931 worumnus,
