3598 5752
384 865 470 931 1062
633 879 736 932 unum
759 879 897 932 auarus
919 881 966 931 or
988 881 1184 933 scamma.

209 1054 277 1106 AD·
291 1059 364 1114 1³⁰2
382 1053 474 1132 alios,
487 1075 547 1141 pro
567 1053 680 1142 aliqua
693 1055 890 1121 necessitate
914 1075 973 1121 seu
999 1075 1087 1132 casu,
1103 1053 1296 1122 nullatenus
1317 1059 1432 1123 contra

381 1157 590 1224 voluntatem
606 1158 751 1244 ipsorum
767 1162 985 1225 mercatorum
999 1158 1170 1225 decaetero
1186 1158 1357 1239 faciemus,
1371 1179 1433 1226 nec

382 1260 453 1326 fieri
465 1261 631 1340 faciemus,
646 1261 769 1348 absque
779 1260 942 1327 solutione
957 1262 1081 1340 statim,
1092 1261 1195 1349 juxta
1209 1263 1432 1349 pretiumque

382 1363 463 1429 dicti
481 1369 677 1431 mercatores
691 1363 773 1428 vina
797 1368 832 1429 et
856 1363 924 1429 alia
949 1364 1161 1430 mercimonia
1176 1365 1330 1432 vendunt
1349 1365 1433 1444 aliis,

382 1466 544 1546 facienda,
560 1466 614 1532 vel
636 1466 703 1532 alia
725 1465 953 1532 satisfactione
978 1467 1019 1532 de
1042 1488 1109 1553 qua
1131 1472 1290 1554 reputent
1304 1489 1340 1533 se
1355 1489 1432 1534 con-

381 1575 510 1636 tentos:
533 1570 582 1636 ita
598 1569 687 1656 quod
701 1591 800 1655 super
816 1570 904 1634 vinis
920 1569 973 1634 vel
991 1569 1065 1635 aliis
1089 1570 1311 1636 mercimoniis
1327 1571 1431 1658 ipsor-

382 1695 437 1738 um
447 1696 505 1760 per
520 1695 581 1739 nos
593 1672 646 1738 vel
657 1673 826 1738 ministros
841 1683 971 1738 nostros
987 1672 1189 1759 appreciatio
1200 1673 1255 1738 vel
1265 1673 1432 1740 estimatio

380 1799 448 1844 non
462 1783 615 1865 ponatur.
660 1776 747 1841 Item
757 1776 798 1841 de
808 1774 956 1862 quolibet
974 1775 1062 1841 dolio
1082 1775 1155 1840 vini
1165 1781 1331 1865 gaugeato
1346 1777 1434 1844 sicut

381 1882 535 1948 venditor
544 1880 616 1946 vini
631 1880 718 1965 quod
730 1878 771 1944 de
782 1885 925 1966 gaugeto
936 1878 1079 1944 defuerit
1091 1879 1245 1966 supplere
1255 1879 1432 1961 tenebitur,

381 1984 427 2050 sic
454 1982 559 2048 eidem
586 2003 644 2067 per
670 1985 852 2066 emptorem
879 1980 920 2045 de
943 2002 982 2046 eo
1013 1980 1102 2066 quod
1132 1981 1223 2046 ultra
1248 1987 1431 2070 gaugetum

380 2085 591 2173 superfuerit,
597 2084 701 2170 juxta
711 2082 855 2170 pretium
870 2082 912 2146 ad
925 2083 1014 2170 quod
1030 2083 1162 2149 doleum
1174 2084 1246 2148 vini
1258 2085 1432 2150 venditum

380 2189 492 2267 fuerit,
504 2187 655 2254 satisfiat.
679 2187 766 2252 Item
777 2185 866 2272 quod
876 2186 1123 2272 quamprimum
1135 2207 1237 2252 naves
1246 2208 1323 2254 cum
1335 2189 1432 2254 novis

382 2294 468 2358 vinis
491 2291 579 2356 infra
601 2311 740 2377 regnum
758 2292 794 2354 et
816 2293 1015 2375 potestatem
1034 2295 1183 2355 nostram
1199 2291 1431 2377 applicuerint,

380 2397 592 2472 vinavetera,
602 2393 805 2477 ubicumque
817 2391 1033 2457 inveniantur
1049 2391 1085 2456 in
1097 2392 1184 2458 tillia
1198 2392 1252 2458 vel
1268 2392 1346 2460 locis
1356 2393 1431 2459 aliis

378 2500 422 2565 ad
438 2521 512 2585 quae
528 2499 624 2563 dictae
640 2517 741 2560 naves
757 2495 918 2573 venerint,
935 2495 1113 2560 videantur
1136 2500 1171 2561 et
1193 2495 1384 2582 probentur,
1402 2497 1432 2562 si

378 2623 458 2668 sana
473 2601 601 2666 fuerint
616 2603 650 2664 et
665 2599 767 2664 etiam
783 2597 1024 2684 incor[r]upta;
1047 2602 1082 2663 et
1098 2597 1140 2662 de
1155 2597 1221 2663 hiis
1237 2597 1318 2684 qui¹
1341 2599 1433 2666 dicta

378 2705 459 2771 vina
475 2703 646 2779 videbunt,
661 2703 706 2766 sit
732 2722 800 2766 una
823 2701 985 2767 medietas
1011 2700 1051 2766 de
1078 2701 1316 2767 mercatoribus
1339 2703 1432 2768 vine·

378 2807 474 2874 teriia
504 2807 654 2872 Ducatus
686 2803 844 2891 praedicti,
867 2809 903 2869 et
932 2803 998 2868 alia
1028 2804 1069 2869 de
1101 2803 1211 2890 probis
1241 2804 1432 2871 hominibus

377 2911 467 2976 illius
484 2909 572 2973 villae
586 2907 644 2973 ubi
658 2905 729 2971 heac
743 2904 844 2986 fient;
858 2910 893 2971 et
907 2906 977 2972 sint
998 2907 1041 2970 ad
1058 2906 1225 2992 praemissa
1240 2906 1383 2974 fideliter
1398 2912 1433 2974 et

377 3014 448 3078 sine
471 3011 589 3078 fraude
612 3009 765 3076 facienda
786 3009 914 3096 jurati3
937 3013 971 3074 et
987 3008 1026 3074 de
1042 3009 1130 3075 vinis
1145 3009 1308 3096 corruptis
1329 3009 1432 3095 justi·

376 3115 459 3180 tiam
498 3113 625 3179 iaciant
661 3114 859 3176 consuetam.
923 3110 1018 3186 Item,
1052 3131 1127 3175 cum
1165 3115 1359 3176 consuetum
1397 3117 1432 3177 et

377 3217 539 3282 usitatum
556 3213 633 3279 olim
650 3212 770 3278 fuisset
791 3211 879 3298 quod
903 3217 1032 3297 emptor
1047 3217 1082 3276 et
1097 3212 1251 3278 venditor
1266 3213 1432 3278 solverent

376 3339 480 3382 unum
504 3316 676 3382 denarium
700 3335 759 3400 pro
777 3313 927 3398 quolibet
949 3312 1044 3378 doleo
1059 3313 1099 3378 de
1122 3319 1274 3402 gaugeto,
1291 3314 1432 3400 quilibet

375 3441 489 3486 eorum
504 3418 660 3484 videlicet
673 3417 817 3494 obolum,
827 3416 874 3480 sic
890 3414 951 3481 fiat
962 3415 1143 3495 decatero;
1165 3426 1200 3481 et
1216 3439 1277 3504 pro
1293 3439 1428 3483 consue·

375 3523 493 3588 tudine
509 3522 711 3587 observetur.
758 3518 844 3584 Item
861 3517 1016 3583 volumus
1031 3518 1120 3603 quod
1136 3539 1249 3584 omnes
1264 3519 1382 3585 ballivi
1397 3525 1431 3585 et

376 3629 521 3694 ministri
558 3627 727 3702 feriarum,
762 3625 948 3702 civitatum,
978 3625 1160 3711 burgorum
1192 3631 1227 3692 et
1264 3626 1422 3692 villarum

375 3729 613 3798 mercatoribus
644 3724 817 3792 vinetariis
846 3724 1024 3791 antedictis
1055 3746 1163 3792 coram
1195 3727 1242 3792 ais
1273 3749 1430 3814 conquer-

376 3835 509 3901 entibus
525 3834 566 3898 de
581 3829 723 3915 injuriis,
738 3826 898 3894 molestiis
914 3827 979 3893 sibi
1002 3828 1107 3906 factis,
1123 3828 1246 3895 debitis
1262 3835 1296 3895 ct
1312 3831 1432 3916 quibus

376 3958 516 4023 cumque
532 3934 605 3999 aliis
621 3932 762 4019 placitis,
779 3928 915 3997 celerem
936 3929 1106 4015 justitiam
1130 3931 1255 3997 saciant
1269 3932 1310 3998 de
1326 3932 1380 3998 die
1396 3934 1432 3998 in

376 4040 473 4116 diem,
496 4038 567 4104 sine
590 4035 760 4112 dilatione,
784 4033 965 4101 secundum
989 4033 1096 4121 legem
1120 4035 1373 4102 mercatoriam:
1398 4040 1433 4102 et

377 4143 405 4208 si
427 4142 513 4208 forte
544 4137 737 4203 inveniatur
767 4135 918 4200 defectus
940 4135 976 4198 in
1007 4135 1121 4222 aliquo
1143 4135 1345 4202 ballivorum
1375 4138 1431 4204 vel

375 4243 603 4308 ministrorum
618 4238 861 4324 praedictorum,
871 4236 961 4301 unde
971 4235 1072 4302 iidem
1083 4237 1240 4302 vinetarii
1252 4237 1308 4303 vel
1319 4259 1432 4304 eorum

376 4344 495 4430 aliquis
510 4339 681 4407 dilationis
696 4337 904 4403 incommoda
919 4335 1146 4412 sustinuerint
1160 4336 1238 4402 licet
1247 4339 1432 4404 vinetarius

375 4469 490 4513 versus
506 4450 633 4531 partem
648 4444 684 4509 in
707 4439 885 4530 principali
902 4438 1112 4525 recuperavit
1131 4438 1276 4527 dampna
1297 4463 1365 4520 sua,
1380 4443 1432 4508 ni.

376 4547 557 4614 bilominus
576 4544 720 4610 ballivus
743 4541 795 4608 vel
819 4541 973 4606 minister
994 4541 1081 4606 alius
1107 4563 1224 4609 versus
1238 4564 1310 4622 nos,
1331 4551 1431 4629 prout

377 4651 536 4717 delictum
551 4647 666 4736 exigit,
689 4646 859 4734 prmiatur,
874 4647 909 4710 et
930 4643 1139 4730 punitionem
1163 4645 1262 4711 istam
1284 4646 1432 4714 concedi·

820 4837 827 4868 ¹
840 4853 896 4904 qaoe
907 4836 933 4886 in
945 4837 1001 4890 Ma.
