3584 5746
391 860 455 926 828
653 873 755 926 urnsn
778 873 915 926 Russus
938 873 985 924 nn
1008 871 1203 924 soleclum.

652 1063 789 1128 Bnnvn
812 1079 860 1128 nn
883 1062 1223 1128 vannmo-oom.

391 1189 495 1268 dictis,
527 1212 637 1254 amore
669 1191 784 1266 nostri,
815 1189 1045 1255 favorabiliter
1074 1193 1276 1265 excusatam,
1307 1185 1370 1250 sibi
1407 1185 1442 1248 in

391 1293 533 1379 negotiis
571 1293 679 1378 ipsum
717 1292 932 1380 tangentibus
963 1315 1071 1358 coram
1105 1291 1197 1357 vobis
1235 1288 1377 1376 gratiam
1409 1291 1444 1352 et

391 1395 547 1472 favorem,
558 1397 694 1480 [nostrae
710 1395 881 1481 petitionis
898 1396 1101 1470 interventu,
1113 1394 1311 1479 libe]1aliter
1321 1396 1443 1478 impar-

392 1497 459 1573 tin',
487 1503 521 1562 et
552 1498 660 1584 ipsum
689 1504 722 1564 et
754 1499 969 1584 negotiasse
994 1498 1153 1584 praedicta
1183 1495 1304 1561 habere
1332 1494 1443 1558 velitis

393 1602 578 1686 specialiter
593 1603 893 1687 reco[mmen‹lata].
927 1602 1091 1688 [Itaquosl
1105 1602 1211 1666 eidem
1221 1599 1445 1666 occasionibus

392 1704 640 1790 praedictorum]
659 1703 838 1769 molestiam
856 1725 912 1768 seu
930 1725 1111 1790 gravamen
1126 1725 1192 1768 non
1209 1701 1369 1778 inferatis,
1386 1723 1444 1765 seu

393 1805 506 1870 inferri
538 1807 748 1892 permittatis,
783 1817 896 1871 contra
929 1807 1104 1894 privilegia
1134 1814 1247 1871 nostra
1277 1805 1445 1891 predicta,

392 1929 451 1993 pro
467 1929 532 1994 quo
548 1907 643 1973 vobis
689 1959 695 1973 .
741 1958 748 1972 .
796 1959 803 1972 .
850 1914 883 1972 et
897 1909 1082 1995 gratiarum
1107 1909 1225 1973 merita
1241 1906 1444 1993 temporibus

392 2024 562 2112 oportunis
582 2023 757 2111 specialius
780 2025 1010 2110 astringamur.
1056 2025 1162 2102 Teste,
1179 2031 1237 2090 etc

221 2173 375 2315 Allisliila
438 2251 511 2318 Hoc
542 2252 640 2317 breve
671 2251 752 2318 fecit
787 2253 945 2341 Magister
983 2251 1170 2317 Willelmus
1206 2253 1247 2318 de
1288 2251 1444 2328 Marchia,

394 2354 626 2419 Batboniensis
642 2358 675 2420 et
696 2355 869 2420 Wellensis
889 2355 1077 2442 Episcopus,
1094 2360 1174 2421 tunc
1196 2354 1442 2420 Thesaurarius.

430 2467 446 2491 “
459 2457 651 2532 Edwardus,
659 2457 721 2522 Dei
732 2458 850 2545 gratia,
860 2458 930 2522 Rex
942 2457 1082 2544 Angliae,
1090 2458 1253 2524 Dominus
1264 2457 1441 2533 Hiberniae,

392 2569 408 2595 “
433 2569 467 2625 et
491 2560 571 2624 Dux
594 2561 792 2646 Aquitania,
808 2560 941 2625 ballivis
957 2559 1135 2638 Edmundi,
1152 2560 1292 2626 Comitis
1308 2561 1445 2646 Leyoes·

393 2671 408 2695 “
434 2663 518 2739 triae,
534 2663 649 2727 fratris
665 2663 726 2737 sui,
751 2663 792 2728 de
811 2663 930 2729 bonore
947 2664 988 2728 de
1014 2663 1205 2750 Leycestria
1228 2665 1264 2730 in
1285 2664 1444 2732 comitutu

394 2775 408 2798 “
435 2765 655 2842 lliddelsexaa,
671 2766 821 2832 salutem.
869 2766 957 2846 Quia
972 2767 1209 2834 Thesaurarius
1233 2774 1267 2832 et
1290 2768 1445 2844 Berones,

393 2879 409 2902 “
433 2869 550 2944 clerici,
574 2869 688 2934 etalii
714 2869 858 2934 ministri
883 2869 988 2934 nostri
1020 2871 1060 2934 de
1087 2871 1254 2936 Scaccario
1286 2870 1443 2956 quamdiu

393 2983 409 3006 “
433 2972 555 3038 ibidem
580 2972 702 3036 nostris
729 2973 871 3058 negotiis
896 2973 1076 3038 intendunt
1101 2974 1205 3058 quieti
1231 2995 1299 3038 esse
1324 2973 1446 3038 debent

393 3075 474 3139 “de
501 3075 598 3140 sectis
627 3075 863 3148 Comitatuum
890 3074 1077 3152 Cumarum,
1102 3087 1136 3140 et
1168 3075 1456 3154 Hundredorum3,

393 3187 408 3212 ‘⁴
434 3177 528 3242 vobis
545 3177 739 3242 mandamus
754 3177 842 3262 quod
858 3177 899 3242 de
915 3178 1077 3242 demanda
1093 3201 1192 3264 quam
1205 3180 1316 3244 fimitis
1325 3180 1446 3246 dilecto

393 3284 468 3344 “et
498 3279 587 3344 fideli
619 3285 732 3344 nostro
758 3279 925 3345 Willelnro
960 3281 1176 3346 Bathonieusi
1216 3290 1250 3346 et
1289 3281 1446 3370 Wellensi

392 3391 409 3418 “
437 3381 606 3468 Episcopo,
622 3381 839 3446 Thesaurario
855 3395 978 3460 nostro,
989 3382 1112 3448 ibidem
1129 3383 1165 3448 in
1180 3385 1316 3449 servitio
1332 3391 1446 3449 nostro

395 3492 410 3516 “
435 3483 659 3559 commoranti,
688 3483 727 3547 de
755 3488 845 3548 secta
875 3482 1028 3548 facienda
1052 3485 1094 3548 ad
1127 3484 1263 3550 Curiam
1294 3485 1444 3572 praedicti

393 3593 409 3618 ‘·
434 3585 560 3651 domini
586 3585 688 3649 vestri
712 3585 747 3648 in
772 3585 933 3649 comitatu
957 3585 1115 3671 praedioto
1139 3587 1168 3650 ei
1188 3609 1302 3673 pacem
1326 3588 1445 3652 habere

392 3695 409 3721 ⁴‘
434 3687 644 3774 permittatis,
661 3693 694 3752 et
719 3685 968 3760 districtionem,
982 3688 1010 3752 si
1035 3709 1135 3773 quam
1158 3689 1193 3754 in
1217 3711 1256 3754 ea
1279 3690 1446 3755 occasione

392 3799 409 3824 “
433 3789 584 3865 feceritis,
594 3789 665 3853 sine
675 3788 834 3854 dilatione
844 3788 1000 3854 relaxetis
1011 3791 1127 3854 eidem.
1159 3790 1254 3856 Teste
1265 3791 1287 3856 J
1290 3791 1460 3876 [ohanne]

393 3902 409 3926 “
433 3893 473 3957 de
502 3892 660 3968 Cobham,
683 3891 771 3977 apud
795 3891 1135 3970 westmonasterium,
1150 3895 1244 3979 xxvij
1263 3895 1317 3960 die
1342 3894 1446 3972 Junii,

394 4005 409 4030 ‘¹
433 4017 521 4060 anno
537 3995 630 4082 regni
645 3994 751 4059 nostri
767 3992 872 4080 xxj⁰.''
900 4041 902 4046 ·

257 4261 341 4327 remp.
440 4251 511 4315 Hoc
542 4250 642 4314 breve
680 4249 758 4315 fecit
797 4249 956 4336 Magister
994 4251 1179 4319 Willelmus
1214 4254 1255 4320 de
1290 4256 1447 4338 Marchia,

244 4329 314 4377 now.
327 4330 347 4379 ¹·
393 4353 639 4418 Thesaurarius

250 4420 296 4470 ΕΟ·
309 4423 349 4470 39'
440 4463 455 4488 “
469 4454 663 4530 Edwardus
680 4453 742 4518 Dei
759 4455 877 4540 gratia,
896 4455 968 4520 Rex
990 4457 1129 4544 Angliae,
1145 4460 1309 4527 Dominus
1324 4463 1444 4529 Hiber-

394 4567 410 4591 “
435 4558 507 4633 niae,
534 4565 568 4622 et
595 4558 674 4622 Dux
699 4559 900 4644 Aquitania,
927 4561 1108 4627 venerabili
1135 4563 1170 4628 in
1199 4565 1333 4634 Christo
1359 4569 1446 4654 patri

393 4668 410 4693 “
434 4660 617 4744 R[adulfo]‚
634 4660 748 4725 eadem
764 4662 882 4747 gratia,
899 4662 1104 4730 Norwicensi
1116 4667 1286 4756 Episcopo,
1296 4671 1447 4736 salutem.

392 4773 408 4798 “
434 4762 484 4828 Ex
500 4765 595 4848 gravi
611 4763 818 4849 querimonia
840 4765 977 4831 Roberti
1000 4767 1041 4833 de
1065 4768 1295 4851 Walmesford,
1313 4775 1448 4842 rectoris
