3598 5752
577 887 678 937 niara
701 887 838 937 suanus
861 887 908 936 nr
930 887 1125 936 abacorum.
1296 873 1382 936 1015

325 1059 465 1146 scripta
480 1059 694 1136 munimenta,
709 1064 743 1125 et
768 1058 987 1136 memoranda,
1003 1064 1107 1125 terras
1133 1065 1167 1124 et
1191 1064 1381 1124 tenemento
1400 1063 1559 1116 Adi-1³1⁵·

326 1182 405 1246 quae
430 1161 565 1226 fisemnt
581 1161 731 1227 Isabellae
754 1163 794 1226 de
818 1161 984 1238 Fortibus,
1008 1161 1175 1247 quondam
1194 1160 1381 1226 Comitissae

326 1261 491 1328 Deveniae
505 1264 542 1327 in
557 1262 672 1328 Insula
688 1263 799 1340 Vecta,
819 1268 853 1328 et
876 1264 1061 1329 manerium
1077 1265 1116 1329 de
1134 1262 1382 1330 Oristcschureh

327 1363 369 1428 in
391 1365 551 1430 comitatu
576 1363 814 1450 Suhamptonae
837 1365 1019 1452 tangentia,
1035 1387 1109 1450 quae
1134 1365 1268 1451 quidem
1284 1369 1382 1430 terrae

329 1471 368 1532 et
390 1470 578 1532 tenemento
599 1487 674 1532 cum
696 1467 907 1553 pertinentiis
930 1467 1070 1532 dilectus
1093 1471 1128 1532 et
1147 1465 1255 1532 fidelis
1270 1472 1383 1532 noster

330 1567 433 1656 Hugo
463 1569 504 1633 de
535 1567 705 1654 Gourteny
736 1568 811 1644 sibi,
846 1575 886 1634 ut
917 1569 1146 1634 hoereditatem
1180 1591 1283 1646 suam,
1323 1590 1382 1655 per

329 1669 526 1756 petitionem
551 1693 643 1736 suam
671 1693 780 1736 coram
807 1671 902 1736 nobis
929 1677 964 1737 et
989 1672 1127 1736 consilio
1149 1676 1263 1736 nostro
1289 1669 1380 1735 exhi·

330 1773 445 1850 bit-am,
462 1773 561 1859 petiit
577 1773 719 1848 liberari,
734 1775 770 1838 in
785 1773 935 1840 custodia
960 1780 1072 1839 vestra
1095 1774 1264 1852 existunt3
1287 1772 1382 1838 vobis

329 1875 527 1941 mandamus
557 1876 654 1962 quod,
679 1876 835 1941 scrutatis
868 1876 1000 1963 scriptis
1030 1881 1065 1941 et
1098 1875 1314 1942 munimentis
1345 1875 1381 1938 in

329 1977 482 2043 custodia
510 1984 620 2044 vestra
644 1978 874 2056 existentibus,
899 1979 1010 2044 omnia
1037 1977 1225 2064 hujusmodi
1250 1978 1381 2062 scripta,

329 2079 539 2146 munimenta
553 2086 588 2147 et
603 2080 823 2158 memoranda,
842 2085 950 2146 terras
966 2086 999 2146 et
1015 2085 1206 2147 tenementa
1221 2081 1381 2168 praedicta

329 2181 613 2269 qualitercumque
648 2183 831 2272 tangentia,
865 2183 1084 2248 Thesaurario
1117 2189 1151 2248 et
1182 2181 1381 2248 camerariis

329 2285 453 2349 nostris
472 2286 508 2349 in
526 2285 742 2350 Thesauraria
761 2289 873 2350 nostra
894 2285 1109 2350 custodienda
1129 2285 1199 2350 sine
1221 2283 1381 2350 dilatione

329 2386 479 2471 qualibet
508 2387 664 2464 liberetis,
694 2392 729 2452 et
758 2386 820 2452 hoc
851 2386 957 2453 breve.
1024 2387 1068 2452 Et
1098 2388 1160 2452 hoc
1190 2387 1380 2452 nullatenus

328 2488 502 2554 omittatis.
560 2488 656 2554 Teste
681 2511 733 2554 me
760 2489 831 2574 ipso
861 2489 951 2574 apud
982 2488 1181 2564 Thunderle,
1211 2488 1300 2574 xiiij⁰
1327 2487 1380 2552 die

328 2589 421 2666 Maii,
437 2611 524 2654 anno
538 2591 632 2678 regni
647 2590 753 2655 nostri
769 2595 894 2656 octavo.
1117 2589 1181 2654 Per
1197 2589 1378 2655 consilium.

375 2691 535 2756 Pretextu
552 2693 644 2776 cujus
668 2691 826 2768 mandeti,
851 2691 938 2756 idem
955 2690 1126 2757 Gilbertus
1142 2691 1300 2756 liberavit
1325 2691 1380 2759 hic

328 2793 372 2858 ad
398 2792 604 2859 Soacearium
630 2793 814 2858 evidentias
837 2814 910 2879 quae
930 2793 966 2856 in
989 2793 1139 2858 custodia
1166 2817 1227 2858 sua
1242 2793 1380 2859 fuerunt

327 2901 503 2982 tangentes
530 2895 654 2982 scripta
678 2901 712 2960 et
738 2895 946 2960 munimenta
973 2895 1131 2979 praedicta
1158 2917 1231 2982 quae
1259 2897 1378 2961 irrotu-

327 2996 441 3062 lantur
472 2995 527 3061 hic
557 2997 795 3082 subsequenter
825 3001 860 3060 et
883 2995 1070 3061 liberantur
1096 2997 1133 3060 in
1162 2997 1380 3064 Thesauraria

328 3098 438 3185 Regis,
460 3103 558 3184 prout
583 3104 675 3184 patet
696 3099 733 3162 in
754 3097 854 3164 tertio
880 3098 969 3186 folio,
981 3098 1204 3185 subsequenti,
1220 3106 1294 3187 post
1311 3099 1378 3164 evi-

325 3200 455 3266 dentias
477 3200 659 3287 praedictas.

329 3351 617 3416 Emurunmouns
632 3367 856 3427 ouoauumu
872 3367 983 3416 surra
999 3367 1236 3417 courncrroun
1252 3352 1380 3418 Omra
1397 3362 1466 3412 aa.
1479 3367 1549 3416 usa.

419 3453 613 3518 Coumrssa
646 3455 867 3516 Acarnanum
900 3469 1016 3517 mern
1048 3469 1185 3518 nomuo
1212 3454 1302 3518 Reor
1334 3472 1380 3518 nn

417 3571 622 3631 oumusmu
646 3571 777 3630 rearis,
800 3571 846 3618 nn
871 3571 1000 3628 oureus
1023 3571 1131 3620 iuras
1158 3573 1214 3620 rm
1236 3573 1378 3633 musmo,

416 3673 458 3720 nr
481 3672 527 3720 nu
551 3671 765 3720 assumens
789 3672 992 3721 urrunnun.

373 3783 538 3848 Walterus
551 3779 785 3848 Goventrensis
801 3788 836 3847 et
852 3781 1089 3847 Liohfeldensis
1100 3783 1280 3870 Episcopus
1295 3784 1377 3849 dicit

327 3885 414 3972 quod
440 3884 621 3970 Episcopus
640 3882 873 3947 Dunolmensis
891 3883 1065 3948 mandavit
1090 3885 1121 3948 ei
1148 3885 1235 3970 quod
1261 3885 1375 3950 statim

328 3991 512 4052 occurreret
527 3985 555 4048 ei
572 3985 661 4071 apud
684 3983 892 4059 Stokewelle,
909 3984 1075 4062 videlicet,
1091 3986 1144 4050 dic
1169 3985 1271 4050 Lunae
1298 3993 1376 4050 ante

328 4089 447 4154 festum
473 4086 587 4152 Sancti
614 4085 752 4150 Martini
777 4107 874 4162 anne,
899 4091 969 4163 etc,
995 4088 1037 4152 ob
1068 4088 1155 4173 quod
1181 4089 1375 4154 mandatum

212 4229 220 4238 ·
327 4191 413 4256 idem
439 4187 606 4253 Walterua
638 4186 760 4250 ibidem
793 4188 886 4251 venit
916 4189 1030 4254 eodem
1061 4189 1123 4266 die,
1147 4191 1233 4254 circa
1263 4191 1375 4255 horam

327 4293 476 4380 primam,
485 4296 520 4356 et
529 4289 576 4353 ibi
592 4311 634 4354 ex
650 4291 806 4354 mandato
817 4290 966 4374 praedicti
979 4289 1131 4377 Episcopi
1144 4290 1378 4356 Dunolmensis

326 4394 406 4461 fecit
415 4399 450 4459 et
464 4392 597 4478 scripsit
611 4391 776 4477 quandam
793 4395 919 4455 cartam
934 4391 969 4454 in
986 4392 1129 4476 quodam
1145 4393 1293 4478 gardino,
1303 4416 1376 4478 quae

326 4497 362 4560 in
388 4515 422 4560 sc
452 4489 643 4560 continebat
670 4492 757 4577 quod
780 4490 923 4556 Isabella
946 4491 986 4556 de
1010 4491 1174 4570 Fortibus,
1200 4492 1377 4560 Comitis-se

327 4601 533 4676 Albemarlae,
545 4599 703 4665 concessit
719 4603 753 4663 et
763 4597 908 4662 reddidit
924 4598 1057 4664 domino
1069 4621 1137 4678 suo,
1150 4601 1283 4666 domiuo
1294 4602 1376 4690 Regi

328 4705 466 4792 Angliae,
482 4699 624 4766 insulem
634 4698 675 4764 de
692 4697 829 4786 Wyght,
845 4700 1028 4764 manerium
1048 4700 1088 4766 de
1105 4700 1377 4782 Oristescherchc,

328 4810 361 4871 et
371 4805 554 4872 manerium
571 4801 612 4867 de
621 4799 850 4878 Eaulreshalle,
860 4821 934 4866 cum
949 4801 1169 4887 pertinentiis,
1179 4809 1213 4870 et
1228 4806 1377 4892 quietum

428 4931 517 4981 75091.
1223 4921 1243 4972 ο
