3598 5752
410 906 496 968 1002
657 919 761 968 emsa
784 918 922 967 suenus
945 918 992 965 os
1016 918 1211 969 senensem.

410 1107 516 1173 soindi
534 1111 650 1192 potest,
667 1108 716 1174 ita
734 1105 823 1192 quod
846 1107 882 1170 in
907 1105 1052 1192 pondere
1073 1111 1260 1172 et-numero
1275 1107 1458 1172 constituto

410 1209 451 1273 ad
468 1230 611 1274 maroam
627 1207 827 1272 conveniant
843 1206 928 1273 etad
940 1205 1074 1286 libram;
1094 1206 1187 1271 verbi
1201 1207 1316 1292 gratia,
1328 1212 1461 1273 moneta

412 1311 541 1396 Angliae
572 1310 671 1374 debet
700 1309 826 1374 talliari
857 1309 899 1373 ed
930 1331 1000 1374 xxa.
1029 1309 1098 1394 iijd.
1125 1310 1168 1374 ad
1200 1309 1331 1386 libram,
1361 1315 1460 1396 prout

412 1414 571 1500 aequalius
585 1416 697 1500 potest
713 1413 825 1477 scindi.
872 1411 909 1478 Si
931 1435 1009 1476 vero
1033 1413 1186 1479 fortiores
1209 1412 1261 1478 vel
1286 1411 1459 1478 debiliores

412 1513 627 1578 inveniantur
643 1512 683 1576 de
696 1532 763 1576 uno
779 1512 914 1577 denario
930 1513 973 1577 ad
988 1512 1116 1590 libram,
1129 1512 1358 1578 deliberabiles
1373 1518 1458 1578 sunt.

413 1617 577 1682 Fortiores
602 1615 683 1692 dieo,
706 1622 745 1678 ut
772 1615 799 1678 si
827 1613 889 1678 sub
916 1615 1060 1700 pondere
1076 1614 1280 1699 singularum
1301 1613 1457 1679 librarum

411 1717 496 1784 ω]
526 1722 560 1783 et
591 1716 613 1802 ij
647 1722 780 1782 tantum
812 1716 939 1780 denarii
970 1737 1029 1802 per
1059 1737 1232 1780 numerum
1264 1715 1457 1781 habeantur.

412 1821 595 1886 Debiliores
605 1819 686 1892 dieo,
697 1824 734 1882 ut
744 1819 772 1881 si
785 1817 846 1881 sub
857 1817 1014 1902 cujusque
1028 1817 1121 1882 libras
1132 1817 1283 1903 pondere,
1293 1840 1364 1882 xxa.
1375 1818 1458 1904 iiijd.

411 1944 470 2009 per
485 1941 658 1986 numerum
674 1925 860 1984 teneantur.
908 1917 993 1982 Item
1019 1919 1053 1983 in
1077 1919 1225 2004 quelibet
1248 1919 1333 1984 libre
1349 1925 1459 2005 potest

411 2027 553 2092 transire
569 2048 655 2090 unus
670 2025 824 2090 denarius
836 2025 931 2089 fortis
942 2031 976 2090 et
991 2025 1076 2090 alius
1092 2025 1210 2090 debilis
1226 2025 1297 2090 sine
1312 2047 1459 2103 numero,

411 2137 445 2194 et
470 2129 536 2194 duo
560 2129 617 2192 alii
633 2129 758 2192 denarii
786 2127 886 2193 fortes
912 2133 971 2192 aut
997 2128 1121 2194 debiles
1145 2130 1186 2194 de
1212 2150 1276 2193 nno
1299 2151 1402 2216 grano
1426 2137 1459 2194 et

411 2233 549 2296 dimidio
570 2255 590 2294 a
613 2235 702 2296 recto
718 2231 853 2295 denario
868 2253 914 2294 xx
930 2230 1109 2296 solidorum
1131 2238 1165 2298 et
1187 2231 1224 2318 iij
1249 2232 1458 2298 denariorum

411 2335 450 2398 de
465 2354 602 2398 numero
618 2333 859 2416 sterlingorum.
907 2333 987 2398 Haeo
1010 2339 1121 2398 autem
1137 2334 1231 2400 tallia
1255 2335 1324 2399 sive
1347 2335 1459 2400 soissio

410 2437 538 2522 argenti
569 2435 670 2500 habet
700 2433 771 2498 fieri
797 2434 839 2498 ad
864 2441 1063 2522 praeceptum
1092 2436 1245 2522 Magistri
1270 2459 1328 2523 per
1354 2443 1459 2503 certos

409 2537 575 2622 operarios
591 2534 720 2598 deditos
735 2533 777 2597 ad
794 2540 968 2613 monetam,
979 2557 1038 2621 per
1047 2557 1128 2621 quos
1144 2536 1245 2601 etiam
1254 2543 1460 2623 praeparatur

410 2635 613 2721 recoquendo
629 2639 663 2699 et
686 2633 879 2698 fabricando
895 2641 929 2698 et
946 2643 1044 2720 prout
1068 2637 1201 2722 expedit
1223 2637 1259 2700 in
1274 2637 1459 2702 flodonibus

411 2739 621 2825 disponendo,
669 2737 807 2812 Deinde,
837 2735 928 2802 faeta
962 2739 1206 2804 examinatione
1239 2740 1394 2825 ponderis
1426 2747 1460 2805 et

410 2839 547 2916 numeri,
563 2839 649 2904 sieut
665 2836 879 2913 decet,1idem
907 2838 1048 2923 operarii
1071 2839 1177 2903 dietas
1200 2860 1276 2904 sues
1300 2839 1459 2926 Magistro

410 2946 550 3006 monetes
566 2941 757 3012 restituunt,
769 2935 825 3003 ao²
842 2939 882 3003 de
904 2938 1078 3024 stipendiis
1094 2941 1170 3016 suis,
1186 2963 1246 3026 pro
1261 2963 1458 3028 unaquaque

409 3045 495 3108 libra
525 3041 582 3126 ijd.
607 3042 652 3106 ob.
678 3043 842 3124 recipiunt
871 3041 914 3106 ab
946 3043 1059 3106 eodem
1091 3043 1259 3128 Magistro.
1305 3043 1392 3109 Vero
1430 3046 1456 3109 si

408 3168 537 3211 neeesse
552 3145 666 3220 fuerit,
682 3144 810 3208 eosdem
834 3143 980 3208 dodones
1003 3145 1101 3209 faciet
1124 3145 1303 3224 candidari,
1319 3167 1401 3230 quos
1424 3153 1458 3211 et

407 3247 475 3309 ad³
501 3243 688 3309 cudendum
713 3242 903 3307 monetariis
930 3242 1093 3321 liberabit,
1125 3245 1181 3330 qui
1213 3245 1323 3322 etiem,
1347 3267 1456 3310 mone-

407 3349 534 3411 tatione
559 3344 730 3429 completa,
747 3345 787 3408 de
814 3344 953 3428 singulis
977 3344 1072 3409 libris
1093 3345 1240 3432 singulos
1263 3346 1376 3412 obolos
1395 3369 1455 3433 pro

408 3449 581 3534 stipendiis
599 3447 666 3510 suis
682 3445 842 3530 recipient
858 3467 878 3508 e
894 3445 1062 3530 Magistro.

453 3549 641 3614 Insidenter
656 3551 768 3610 autem
783 3547 952 3611 sciendum
968 3553 1019 3611 est
1042 3547 1131 3631 quod
1159 3547 1224 3613 duo
1248 3558 1328 3614 sunt
1352 3551 1458 3614 officia

407 3651 590 3718 necessaria
619 3650 654 3713 in
693 3669 892 3734 unaquaque
931 3653 1072 3724 moneta,
1110 3649 1274 3728 videlieet,
1307 3651 1457 3737 Magistri

409 3752 550 3815 Monetae
567 3753 600 3814 et
622 3747 778 3812 Custodis
805 3747 960 3831 ejusdem.
1007 3747 1060 3812 Ad
1090 3749 1285 3836 Magistrum
1316 3751 1456 3817 Monetae

406 3851 551 3936 pertinet
577 3846 721 3913 bilhonis
749 3851 783 3910 et
808 3847 937 3933 argenti
960 3847 1105 3932 cognitio
1122 3853 1156 3913 et
1171 3849 1318 3934 ejusdem
1334 3853 1457 3937 emptio

406 3959 441 4016 et
464 3951 621 4026 allaiatio,
644 3971 681 4014 se
698 3947 886 4012 omnimoda
908 3954 1050 4014 monetae
1073 3949 1255 4038 dispositio,
1271 3972 1396 4018 necnon
1423 3960 1457 4018 et

407 4053 628 4138 operariorum
660 4072 698 4114 ao
728 4050 985 4115 monetariorum
1024 4071 1157 4116 suorum
1188 4051 1385 4139 gubernatio
1423 4059 1457 4120 et

406 4152 574 4230 eoheroi03
599 4151 634 4214 in
659 4149 723 4213 hiis
739 4149 826 4213 euim
844 4170 917 4233 qnae
942 4149 985 4214 ad
1007 4150 1187 4236 gerendum
1211 4152 1298 4216 idem
1314 4153 1456 4218 officium

407 4253 667 4338 requiruntur‚a
693 4251 825 4315 nemine
852 4256 992 4336 possunt
1018 4251 1088 4338 regi
1114 4257 1174 4316 aut
1198 4253 1356 4340 distringi
1381 4277 1456 4322 oon-

408 4356 593 4419 venientius
619 4375 718 4439 quam
746 4353 788 4416 ab
813 4353 891 4438 ipso.
939 4352 1033 4417 Idem
1057 4374 1188 4439 quoque
1205 4353 1364 4442 Magister
1387 4362 1455 4422 tam

405 4479 466 4543 pro
491 4479 523 4520 se
544 4477 643 4542 quam
665 4476 723 4540 pro
749 4454 902 4519 omnibus
929 4455 1088 4541 operariis
1116 4460 1150 4520 et
1174 4458 1376 4536 monetariis,
1397 4481 1457 4544 pro

407 4559 603 4625 omnimodis
618 4559 771 4643 expensis
796 4562 830 4621 et
856 4557 1014 4642 eustagiis
1041 4580 1079 4622 ao
1097 4580 1153 4644 pro
1177 4559 1296 4624 deoasu
1327 4563 1457 4648 argenti

441 4777 448 4807 ¹
462 4791 519 4823 xrs.
532 4775 596 4838 r'ijd.,
609 4775 662 4822 MS.
676 4773 777 4824 Cotton.
988 4773 999 4805 ³
1012 4776 1064 4824 MS.
1079 4773 1183 4825 Cotton.
1194 4775 1269 4826 omits
1281 4777 1323 4828 od.

439 4853 491 4914 ὀί,
505 4853 560 4904 MS.
572 4852 673 4903 Cotton.
