3548 5754
571 883 672 936 amaa
697 882 835 937 annuus
858 883 904 936 nu
927 887 1122 938 manciaco.
1302 871 1362 937 991

167 1164 283 1216 narare
450 1179 454 1186 ·
567 1146 771 1212 rauciacus
794 1144 828 1212 N
830 1162 907 1212 ova
929 1146 1108 1212 Μοιίιιιιι1

355 1286 513 1352 Gaudem
528 1285 665 1372 obsequi
682 1285 816 1351 illorum
831 1285 993 1352 laudabili
1006 1286 1167 1353 desiderio
1182 1288 1240 1374 qui
1255 1310 1367 1356 amore

309 1389 453 1475 justitiae
485 1410 617 1455 noscere
648 1389 789 1476 cupiunt
819 1410 935 1455 causas
966 1395 1000 1456 et
1031 1390 1176 1457 rationes
1207 1391 1367 1460 faciendae

313 1497 454 1558 monetae
469 1495 503 1557 et
518 1491 776 1557 examinationis
786 1513 968 1571 sensuram,
983 1492 1160 1578 quominus
1175 1494 1367 1580 hujusmodi

314 1595 452 1661 materia
466 1598 640 1682 reputetur
655 1593 795 1659 difficilis
812 1599 846 1658 et
866 1592 1009 1672 subtilis,
1023 1595 1116 1660 illam
1131 1599 1252 1674 tamen,
1268 1603 1367 1685 prout

313 1700 460 1786 parvitas
485 1698 551 1763 mei
572 1697 698 1784 ingenii
718 1696 940 1774 administrat,
963 1698 1120 1785 proposui
1135 1699 1366 1766 declarandam

314 1807 346 1868 et
360 1801 396 1865 in
411 1801 545 1888 scriptis
559 1800 622 1864 sub
637 1800 830 1886 compendio
845 1801 1067 1887 redigendam.

356 1901 491 1969 Dicitur
517 1903 606 1989 quod
631 1902 745 1968 Numa
769 1902 953 1989 Pompeius,
977 1903 1163 1992 Imperator
1188 1905 1365 1983 Romanus,

315 2011 478 2072 monetam
487 2007 616 2093 primus
627 2006 775 2071 omnium
788 2005 1069 2094 fieriimperavit3
1091 2006 1187 2093 cujus
1199 2007 1365 2095 singulis

314 2109 443 2174 nomine
453 2108 556 2196 ipsius
569 2108 791 2196 Imperatoris,
798 2111 935 2186 nummi,
945 2109 1109 2187 videlieet,
1120 2114 1362 2197 nuncupantur.

313 2211 406 2278 Facti
430 2211 544 2298 itaque
569 2209 707 2276 luerunt
731 2211 858 2276 nummi
885 2212 1009 2299 cuprei,
1024 2213 1174 2302 argentei
1202 2218 1237 2279 et
1261 2213 1362 2280 aurei.

312 2313 369 2380 Set
380 2314 460 2400 quia
474 2313 599 2400 singuli
613 2315 741 2379 nummi
757 2314 906 2401 argentei
918 2314 1076 2381 valebant
1090 2316 1202 2382 decem
1211 2336 1363 2382 nummos

312 2437 455 2504 cupreos,
482 2417 556 2482 ideo
583 2413 786 2482 αιιιιιιιοιιοΞ
808 2415 937 2482 denarii
967 2423 1047 2484 eunt
1071 2419 1189 2484 vocati.
1237 2418 1364 2484 Rursus

312 2519 388 2604 quia
418 2518 542 2606 singuli
580 2519 708 2584 nummi
752 2519 844 2584 aurei
876 2519 1032 2584 valebant
1070 2520 1182 2586 decem
1212 2540 1364 2587 nummos

312 2627 492 2710 argenteos,
523 2621 645 2688 idcirco
681 2642 701 2685 a
736 2642 872 2688 numero
899 2620 1026 2687 denarii
1051 2623 1273 2689 nominantur.
1321 2623 1365 2690 Et

312 2724 387 2790 iude
413 2724 554 2790 inolevit
587 2745 676 2804 usus,
697 2728 737 2789 ut
759 2723 866 2790 omnis
891 2746 1046 2790 nummus
1070 2725 1226 2792 donanim
1252 2728 1363 2814 appel·

312 2827 405 2894 latur.
451 2828 483 2892 A
499 2828 647 2904 materia,
662 2843 804 2914 quoque·
819 2828 970 2914 argentei
988 2850 1046 2894 seu
1062 2829 1155 2894 aurei
1171 2829 1292 2916 saepius
1306 2852 1363 2918 ap·

313 2930 486 3017 pellantur.
536 2929 669 2996 Moneta
697 2951 775 2996 vero
805 2928 915 2995 fertur
947 2928 1039 2997 diota
1063 2931 1166 2998 fuisse
1189 2954 1210 2998 a
1232 2933 1364 2998 nomine

314 3033 460 3110 artificis,
488 3032 574 3100 sicut
601 3031 760 3120 Sterlingi
793 3032 924 3121 Angliae
951 3055 972 3098 a
999 3033 1188 3100 nominibus
1209 3035 1362 3122 opificum

314 3135 448 3201 nomina
462 3139 709 3202 contraxerunt.

356 3237 398 3304 In
414 3238 531 3326 primis
546 3239 651 3328 igitur
666 3243 796 3325 oportet
818 3243 857 3304 ut
872 3259 1003 3304 omnem
1019 3243 1186 3306 monetam
1201 3241 1363 3328 pracedat

314 3341 516 3418 constitutio,
525 3339 626 3426 allaij,
639 3339 804 3418 videlicet,
814 3339 1056 3428 ponderisque³
1071 3346 1106 3407 et
1115 3343 1243 3409 numeri
1259 3345 1364 3432 ipsius

314 3447 453 3509 monetae
461 3441 618 3508 distincte
629 3447 786 3530 etaperte
802 3442 976 3509 continens
991 3444 1207 3510 moderamen.
1235 3444 1363 3512 Deinde

313 3545 498 3612 inchoanda
513 3552 564 3612 est
579 3550 613 3612 et
635 3543 835 3632 perficienda
857 3567 900 3610 ex
921 3545 1030 3612 edicto
1046 3553 1105 3612 ant
1122 3547 1257 3614 licentia
1273 3551 1362 3636 prin-

313 3649 392 3736 cipia
420 3649 563 3736 speciali,
586 3655 622 3714 et
647 3647 847 3734 publicanda
875 3668 936 3734 per
962 3649 1253 3734 proclamationem
1279 3673 1364 3738 prae·

313 3753 401 3818 conis
423 3752 528 3838 ipsius
551 3750 712 3838 principis
734 3749 874 3837 publice,
889 3755 929 3816 ut
952 3773 1022 3816 mos
1045 3752 1150 3840 exigit
1167 3752 1362 3830 faciendam,

313 3859 346 3918 at
371 3860 452 3921 tunc
479 3854 553 3918 usui
578 3861 658 3940 apta
680 3853 753 3930 erit,
768 3853 817 3918 ita
840 3857 879 3918 ut
902 3857 1025 3919 extunc
1048 3859 1115 3923 n'ou
1131 3854 1177 3919 sit
1192 3855 1364 3942 impunea

313 3977 477 4043 quoquam
494 3957 536 4022 de
551 3955 674 4043 populo
696 3955 886 4020 recusanda
933 3955 1128 4042 Quicunque
1150 3961 1263 4022 autem
1278 3957 1363 4024 clam

315 4059 367 4125 vel
382 4059 503 4147 palam,
513 4059 637 4145 absque
653 4057 788 4124 lieentia
803 4057 972 4144 principis,
984 4057 1208 4146 cujuscunque
1223 4066 1364 4127 monetae

313 4161 606 4229 contrafactionem
614 4165 832 4249 attemptasse
844 4160 1016 4228 convictus
1025 4161 1139 4238 fuerit,
1150 4163 1365 4250 corporaliter

311 4265 412 4352 plecti
427 4265 520 4334 solet.

702 4419 767 4428 .-.-..0
958 4423 1031 4428 -..-....
1057 4421 1132 4429 ..μ-
1146 4421 1179 4428 ⁴..

346 4509 450 4563 ¹There
461 4505 483 4560 ἰιι
495 4523 529 4560 no
540 4507 633 4558 sirleto
645 4506 694 4557 this
710 4505 812 4557 noctise
861 4507 919 4557 face
930 4507 980 4557 and
992 4507 1071 4557 Table
1082 4507 1111 4557 of
1119 4507 1252 4568 Contenta,
1260 4509 1363 4560 baethis

312 4588 338 4640 iu
356 4591 400 4642 the
419 4589 540 4651 mamm
552 4586 705 4638 miaooeurs
723 4585 751 4636 iu
768 4586 812 4636 the
861 4585 976 4636 'Ireatiee
988 4585 1167 4654 beginningfo.
1180 4591 1283 4652 3⁸(⁴⁰)·

314 4667 393 4720 'l'able
412 4669 442 4720 ol
462 4668 586 4720 Οιιιιιιιιιιιι
609 4675 635 4716 at
653 4665 697 4715 the
714 4665 765 4717 end
783 4663 812 4716 oi
894 4663 934 4715 Ειι
950 4680 1048 4715 amero
1066 4664 1173 4715 denudo
1184 4665 1295 4725 denarii,
1306 4667 1362 4718 ΜΒ.

314 4749 355 4799 the
374 4751 429 4798 lled
446 4749 529 4798 Book.
562 4746 617 4796 rue
638 4744 734 4796 Cotton
754 4745 809 4794 MS.
861 4742 928 4794 Coti.
1398 4749 1401 4755 “

314 4827 382 4878 Cleo.
396 4827 428 4877 Δ.
443 4832 482 4886 lt,
493 4824 624 4878 ascribed
642 4824 670 4874 in
690 4823 733 4874 the
750 4824 810 4874 Pre-
893 4822 974 4873 3Μδ.
987 4823 1056 4873 (loti.
1067 4822 1148 4874 omits·
1157 4839 1213 4887 quc.
