3598 5752
395 923 459 991 996
651 939 753 992 arnus
776 939 913 990 nosnos
937 939 984 992 nr
1006 939 1203 991 sosocsaro.

394 1127 572 1213 cujuslibet
586 1130 804 1214 computatur.
851 1127 1000 1194 Ponatur
1022 1127 1110 1193 enim
1134 1127 1223 1214 quod
1241 1147 1352 1194 marca
1367 1127 1444 1214 pori

395 1230 523 1316 argenti
551 1229 661 1296 valeat
679 1230 766 1316 ijs.
792 1229 877 1316 iiijd.
923 1229 1072 1296 Bithonis
1097 1231 1201 1319 igitur
1225 1235 1286 1296 aut
1313 1230 1443 1316 argenti

395 1333 438 1399 ad
463 1331 530 1419 vjd.
557 1333 597 1398 de
624 1334 731 1412 allai0,
747 1333 872 1400 valebit
896 1333 1054 1421 quaelibet
1076 1353 1186 1400 marea
1201 1332 1444 1421 quinquaginta

396 1457 456 1501 sex
485 1435 610 1502 vicibus
641 1435 719 1522 vjd„
741 1437 799 1523 qui
830 1436 959 1503 iaciunt
981 1436 1137 1523 xxviijs.;
1160 1441 1195 1502 et
1222 1457 1279 1524 pro
1303 1435 1386 1522 iiiju
1405 1434 1448 1502 de

397 1539 512 1626 pretio,
528 1538 725 1625 computabo
741 1539 798 1626 iju
815 1539 856 1606 de
872 1539 979 1618 utlaio,
989 1539 1145 1606 videlicet
1159 1561 1219 1626 pro
1235 1539 1337 1605 tertia
1351 1543 1447 1624 parto

397 1641 493 1706 solidi
510 1641 551 1706 de
566 1642 682 1726 pretio,
697 1643 830 1708 tertiam
855 1649 984 1730 partem
1000 1641 1040 1706 de
1055 1642 1161 1708 attaio.
1202 1641 1246 1708 Et
1261 1641 1308 1707 sic
1324 1641 1448 1707 valebit

397 1765 508 1808 marca
531 1743 671 1830 argenti,
686 1743 728 1808 ed
745 1743 811 1830 vjd.
837 1746 878 1809 de
903 1744 1012 1821 ellaio,
1027 1744 1159 1829 xxviija
1177 1743 1236 1831 ijd.
1262 1743 1303 1809 de
1329 1744 1445 1830 pretio.

398 1846 443 1912 Et
458 1846 572 1911 eadem
586 1846 714 1912 ratione
732 1848 874 1932 pretinm
889 1847 1066 1932 cujuslibet
1082 1847 1227 1914 bilhonis
1242 1869 1300 1912 seu
1315 1847 1445 1934 argenti

398 1949 523 2036 poterit
538 1949 734 2034 computari.

444 2050 604 2136 Sequitur
619 2049 660 2116 de
676 2051 892 2138 dispositione
916 2053 1021 2138 ipsius
1044 2052 1192 2119 materiae
1207 2053 1251 2118 ad
1266 2052 1449 2118 faciendam

401 2161 574 2220 monetam.
621 2153 665 2220 Et
685 2154 793 2241 primo
817 2154 858 2220 de
883 2155 992 2232 aliaio,
1007 2155 1151 2220 seeundo
1174 2156 1215 2222 de
1240 2156 1335 2222 tallia
1351 2163 1385 2222 ot
1408 2155 1449 2222 de

400 2256 632 2322 monetatione.

446 2357 651 2444 1Compotus
667 2359 758 2425 allati
773 2367 984 2446 computatur
1000 2362 1218 2428 communiter
1240 2383 1300 2446 per
1311 2361 1392 2448 xijd.
1408 2363 1452 2426 ad

402 2463 573 2526 dimidiam
596 2463 737 2540 unciam,
753 2466 787 2528 et
809 2484 868 2549 per
890 2463 948 2550 xvj
966 2464 1087 2529 solidos
1109 2464 1152 2530 ad
1175 2485 1328 2543 marcam,
1344 2469 1379 2531 et
1394 2485 1452 2552 per

401 2566 533 2652 xlviija„
549 2565 670 2650 quibus
694 2567 904 2652 appreciatur
926 2566 1084 2654 qnalibet
1106 2587 1217 2633 marca
1252 2569 1383 2656 argenti
1406 2569 1449 2633 ad

402 2669 537 2733 allaium
564 2668 851 2753 comprobandum.
910 2669 1089 2735 Sciendum
1112 2692 1190 2756 ergo
1213 2675 1263 2737 est
1286 2671 1374 2758 quod
1397 2693 1450 2736 ar·

403 2776 540 2853 gentum
556 2771 768 2856 purissimum
784 2772 906 2838 dicitur
929 2795 999 2838 esse
1024 2773 1067 2838 ad
1089 2772 1169 2859 xijd.
1188 2771 1228 2839 de
1249 2775 1356 2854 allaio,
1373 2776 1451 2862 quia

403 2874 541 2959 singulae
557 2875 703 2939 dimidiae
715 2875 829 2952 unciae,
841 2897 883 2941 ex
899 2875 1020 2960 quibus
1030 2877 1202 2942 consuevit
1214 2877 1285 2943 fieri
1298 2879 1451 2959 aseaium,

403 2983 483 3040 sunt
513 2978 643 3066 argenti
682 2977 851 3064 purissimi
891 2977 1015 3066 absque
1046 2979 1269 3068 cujuscunque
1314 2981 1452 3048 alterius

404 3079 529 3144 metalli
546 3079 695 3145 tenentia
718 3100 776 3145 seu
801 3080 954 3145 mixtura
1001 3079 1089 3146 Item
1112 3089 1244 3147 moneta
1267 3083 1309 3148 ad
1325 3083 1393 3168 xjd.
1411 3085 1451 3150 de

404 3181 502 3245 allaio
526 3187 619 3247 tenet
641 3181 677 3244 in
696 3181 833 3267 singulis
857 3181 1004 3247 dimidiis
1031 3183 1137 3248 unciis
1158 3207 1262 3250 unum
1279 3185 1452 3252 denarium

404 3283 444 3348 de
472 3303 581 3370 cupro,
606 3283 694 3348 unde
724 3282 893 3349 sciendum
928 3291 978 3350 est
1009 3285 1097 3371 quod
1121 3307 1260 3372 cuprum
1285 3289 1321 3352 in
1353 3288 1452 3354 allaio

404 3385 592 3473 appellatur
607 3387 719 3464 nichil,
735 3388 823 3473 quia,
833 3387 997 3466 videlicet,
1007 3411 1068 3476 pro
1083 3389 1205 3455 nichilo
1221 3391 1454 3478 computatur.²

405 3487 454 3553 De
470 3509 550 3553 auro
566 3511 643 3553 vero
667 3489 760 3554 etde
783 3497 922 3577 argento
945 3491 981 3554 in
1004 3498 1146 3568 moneta,
1162 3493 1292 3578 proprie
1314 3492 1451 3558 allaium

404 3591 600 3677 appellatur,
609 3591 697 3657 unde
715 3599 876 3678 quantum
892 3593 1022 3680 argenti
1039 3593 1075 3657 in
1089 3594 1136 3680 xij
1152 3594 1304 3675 denariis,
1320 3596 1452 3674 scilicet,

405 3694 441 3758 in
456 3694 596 3759 dimidia
611 3695 708 3759 uncia
724 3695 895 3780 reperitur,
913 3695 955 3761 ad
979 3696 1179 3762 tantundem
1200 3699 1291 3765 allaii
1308 3700 1451 3766 existere

400 3796 580 3882 judicatur.
649 3795 693 3861 Et
708 3797 823 3861 eadem
847 3798 976 3862 ratione
999 3797 1172 3884 quodlibet
1196 3809 1369 3888 argentum
1393 3807 1453 3867 aut

406 3907 538 3962 moneta
553 3899 595 3962 ad
610 3915 738 3963 certum
753 3921 924 3963 numerum
942 3901 1033 3965 altaii
1044 3924 1114 3966 esse
1126 3903 1258 3982 dicitur,
1270 3907 1452 3971 secundum

406 3999 493 4086 quod
516 4002 664 4064 continet
695 3999 735 4066 de
766 4008 905 4086 argento
936 4003 1159 4089 computando
1189 4028 1210 4070 a
1232 4007 1279 4093 xij
1306 4007 1452 4072 denariis

405 4122 509 4186 neque
533 4103 574 4166 ad
592 4102 693 4166 nichil
712 4125 770 4188 pro
789 4125 902 4189 grana,
920 4115 953 4169 et
971 4127 1030 4190 per
1048 4106 1200 4173 denarios
1217 4109 1452 4177 descendendo.

407 4205 490 4271 Cum
517 4211 626 4271 nutem
653 4205 811 4291 quaelibet
836 4229 946 4273 maroa
971 4207 1029 4294 xvj
1055 4207 1209 4275 dimidias
1237 4213 1348 4278 uncias
1377 4235 1454 4280 oon·

407 4309 523 4386 cineat,
544 4314 755 4394 computetur
777 4309 942 4375 sexdecim
965 4311 1094 4376 vicibus
1117 4311 1252 4377 allaiurn
1289 4315 1331 4380 ad
1365 4317 1454 4402 quod

407 4411 535 4474 dicetur
551 4431 618 4474 esse
643 4417 784 4487 moneta,
801 4417 834 4475 et
857 4409 1033 4477 habebitur
1055 4421 1146 4478 certa
1168 4435 1298 4480 summo
1321 4419 1453 4503 quanti-

407 4515 488 4576 tatis
503 4513 641 4597 argenti,
651 4525 823 4597 quantum‚
834 4514 997 4590 videlicet,
1009 4517 1042 4578 in
1060 4517 1327 4600 qualibetmarca
1337 4521 1455 4590 debeat

438 4802 542 4852 ¹There
564 4801 587 4850 is
608 4811 652 4852 not¹
672 4820 722 4867 any
743 4805 821 4855 break
845 4805 906 4854 hero
985 4804 1063 4857 ρΜΕ).
1073 4806 1175 4857 Cotton.
1188 4807 1263 4860 omits
1274 4818 1444 4880 comprrtntur.

405 4883 432 4940 in
448 4881 492 4932 tbe
509 4883 565 4932 MS.
