3584 5746
645 885 749 934 aman
771 883 910 934 sunaus
933 885 979 932 na
1002 883 1197 934 scaocmuo.
1388 871 1452 933 845

525 1057 579 1122 Da
602 1058 847 1124 Saranarroua
872 1073 1048 1123 morasus
1070 1074 1108 1127 m
1133 1057 1328 1135 Exrnacrrs

710 1159 1139 1226 Jnsrrcnnrorsn-coec

400 1287 481 1352 letis.
528 1287 748 1354 Irrotulantes
771 1286 1005 1353 nichilominus
1028 1287 1207 1372 separatim
1233 1286 1323 1366 fines,
1346 1309 1450 1353 amer-

263 1391 267 1402 '
398 1390 561 1456 clementa
572 1395 607 1454 et
622 1389 735 1455 debita
754 1389 783 1454 si
808 1410 883 1474 quae
902 1389 972 1453 Viri
988 1388 1146 1476 Religiosi
1163 1387 1217 1454 vel
1233 1388 1292 1452 alii
1307 1388 1452 1456 clamant

397 1491 518 1558 habere
543 1513 603 1579 per
628 1492 800 1558 libertates
821 1491 1004 1578 praedictas.
1050 1491 1106 1557 Ita
1132 1491 1221 1577 quod
1246 1513 1286 1556 ea
1311 1512 1386 1577 quae
1408 1493 1453 1558 ad

398 1615 457 1659 nos
479 1594 647 1680 pertinent
669 1615 744 1660 cum
775 1593 1001 1660 consimilibus
1024 1592 1235 1658 libertatibus
1261 1593 1452 1660 nullatenus

398 1695 611 1762 immisceant.
674 1694 890 1760 Vicecomites
928 1701 1040 1760 autem
1083 1701 1212 1761 nostros
1246 1701 1281 1762 et
1312 1697 1453 1762 ballivos

398 1797 590 1864 libertatum
614 1797 672 1883 qui
700 1797 825 1862 habent
851 1803 988 1862 returns
1010 1797 1161 1862 brevium
1186 1804 1219 1863 et
1243 1799 1451 1864 summoniti·

397 1922 498 1966 onum
523 1899 684 1967 Sesccarii
710 1899 816 1965 nostri
840 1900 882 1964 de
905 1900 1059 1964 omnibus
1088 1900 1211 1964 finibus
1235 1905 1269 1966 et
1295 1901 1451 1966 amercia-

398 2004 527 2078 mcntis,
543 2002 681 2078 catallis
696 2007 731 2067 et
758 2002 955 2066 omnimodis
983 2002 1104 2068 debitis
1126 2002 1250 2067 nostris
1267 2002 1307 2066 dc
1330 2001 1451 2088 quibus

398 2105 499 2192 plagii
526 2105 580 2170 vel
603 2110 855 2190 manucaptores
880 2126 939 2190 per
962 2125 1017 2170 eos
1040 2109 1153 2190 captos
1176 2109 1211 2168 et
1232 2125 1339 2170 coram
1359 2104 1452 2169 vobis

400 2213 604 2294 presentatus
619 2206 748 2272 onerari
764 2207 943 2292 continget,
960 2211 1118 2292 tanquam
1141 2207 1267 2294 plegios
1286 2212 1320 2271 et
1336 2229 1451 2270 manu-

399 2317 546 2396 captores
571 2310 723 2384 oueretis,
739 2309 798 2393 qui
825 2309 919 2374 nobis
947 2309 1024 2373 inde
1050 2311 1270 2395 respondeant
1292 2309 1334 2374 ad
1357 2309 1451 2374 Seec-

400 2413 525 2476 carium
541 2417 703 2476 nostrum.

725 2575 1126 2586 W...—

218 2794 658 2860 Fo.esrd.0R1)1NAT10
697 2793 845 2861 FACTA
882 2792 1029 2858 SUPER
1068 2791 1298 2860 COMPOTIS
1344 2795 1450 2861 RED-
1470 2797 1625 2849 A·D·1³⁵⁵·

604 2895 780 2963 DENDIS
811 2894 900 2961 PER
929 2894 1256 2963 ATTORNATUM.

444 3039 606 3104 Dominus
634 3037 707 3104 Rex
732 3036 905 3102 mandavit
925 3036 980 3102 hic
1006 3035 1106 3102 breve
1132 3059 1229 3102 suum
1253 3038 1293 3104 de
1320 3040 1452 3128 privato
1519 3099 1521 3106 .

400 3140 508 3228 sigillo
530 3140 620 3226 quod
640 3152 692 3205 est
714 3140 802 3242 inter
827 3137 1035 3206 Omnmumc'u
1058 3139 1099 3204 de
1122 3161 1209 3206 anno
1220 3141 1331 3250 ⁴xrsix⁰
1351 3141 1451 3230 Regis

400 3243 559 3310 Edwardi
574 3241 682 3308 Tertii
696 3263 717 3307 a
732 3245 921 3327 conquestu,
938 3242 973 3305 in
989 3243 1060 3308 haec
1074 3242 1176 3308 verba
1187 3269 1239 3307 :-

443 3367 460 3394 “
472 3358 625 3436 seward,
640 3379 702 3445 par
716 3357 750 3421 la
764 3379 861 3445 grace
876 3358 918 3422 de
933 3356 1030 3436 Dian,
1046 3357 1109 3422 Roi
1121 3359 1348 3446 d’Engleterre
1364 3366 1398 3426 et
1409 3361 1450 3426 de

399 3461 557 3540 Fraunce,
572 3466 607 3526 et
628 3461 761 3546 seignur
775 3459 968 3538 Dirlaunde‚
983 3481 1021 3524 as
1036 3458 1202 3526 Tresorier
1217 3470 1251 3527 et
1267 3462 1393 3528 Barons
1408 3463 1450 3529 de

398 3567 493 3628 notra
516 3559 704 3646 Eseheqier,
726 3559 841 3625 saluta.
903 3559 972 3625 Pur
994 3581 1029 3626 ce
1056 3582 1120 3646 que
1143 3583 1227 3626 nous
1252 3584 1366 3628 avoms
1393 3585 1450 3628 en-

398 3664 520 3730 tendua
534 3686 599 3750 que
619 3685 680 3750 par
700 3661 1006 3728 nounsufficiesntie
1020 3663 1078 3728 des
1093 3668 1244 3729 attumes
1263 3685 1378 3731 receuz
1393 3687 1450 3732 cea

398 3790 440 3832 en
471 3767 574 3832 an'ere
600 3765 790 3852 decompter
811 3786 832 3828 a
856 3785 939 3830 nous
962 3787 1003 3830 en
1026 3764 1056 3829 le
1079 3764 1131 3830 dit
1155 3765 1338 3851 Esoheqier,
1364 3789 1448 3832 nous

397 3889 512 3934 avoms
542 3889 637 3934 reeeu
667 3872 768 3954 grant
799 3866 936 3952 damage
968 3873 1003 3932 et
1032 3871 1125 3952 perte
1159 3888 1220 3952 par
1250 3889 1346 3933 cause
1380 3891 1446 3954 que

398 3971 549 4036 meismes
579 3969 626 4034 les
656 3975 827 4034 attournes
852 3989 894 4034 ne
920 3968 969 4034 soi
995 3968 1168 4034 melletent
1194 3990 1321 4056 unques
1348 3970 1388 4036 de
1415 3970 1449 4034 la

398 4071 489 4138 levae
503 4094 545 4136 ne
561 4072 602 4136 de
617 4070 651 4136 la
662 4071 780 4136 receite
795 4071 836 4135 de
852 4091 914 4135 noz
930 4070 1060 4136 deniers
1075 4071 1253 4138 sourdantz
1269 4073 1326 4138 des
1342 4071 1448 4137 offices

399 4175 480 4240 dont
506 4176 657 4239 meismes
682 4174 729 4240 les
755 4177 921 4259 acomptes
947 4180 1030 4239 ount
1055 4179 1124 4240 este
1151 4175 1296 4256 renduz;
1327 4181 1361 4240 et
1385 4196 1450 4261 pur

397 4283 496 4343 taunt
511 4299 553 4342 nc
568 4276 719 4342 savoient
737 4277 937 4363 respoundre
959 4298 1016 4341 sur
1040 4276 1191 4342 meismes
1214 4277 1261 4342 les
1282 4283 1449 4364 acomptes

396 4401 434 4446 es
461 4384 691 4466 opposemeutz
719 4378 759 4442 de
790 4381 884 4443 notre
912 4383 1025 4457 court3
1055 4385 1089 4444 et
1115 4379 1213 4444 issint
1236 4401 1352 4446 evome
1380 4388 1449 4448 este

397 4481 502 4547 delsie
527 4481 568 4575 de
594 4486 688 4546 notre
713 4479 821 4566 profit.
868 4479 962 4545 Nous
988 4481 1147 4546 voillentz
1173 4481 1286 4546 desore
1313 4485 1448 4552 escbure

399 4583 480 4650 tielx
504 4584 658 4669 dameges
684 4587 718 4647 et
741 4587 860 4668 pertes,
884 4599 998 4648 evoms
1025 4583 1145 4648 ordene
1172 4587 1205 4648 et
1231 4586 1361 4672 estably
1383 4609 1447 4672 que

399 4685 511 4752 desore
534 4684 594 4750 nul
616 4688 771 4750 attourne
793 4684 859 4750 soit
883 4706 977 4750 receu
1000 4684 1190 4771 dacompter
1213 4707 1233 4750 a
1256 4686 1287 4752 le
1310 4688 1361 4753 dit
1389 4689 1448 4753 Es·

400 4789 529 4875 chsqior
558 4807 621 4874 pur
644 4786 789 4864 Visoont,
816 4785 1005 4864 Eschetour‚
1035 4788 1183 4876 gardeyn
1208 4791 1265 4870 des
1293 4790 1445 4868 manoirs,
