3598 5752
625 919 729 970 nmen
751 919 888 972 nunnus
911 919 958 970 nr
981 919 1178 971 sosocrsro.
1336 901 1421 970 105⁷

373 1113 446 1159 mus
473 1093 648 1172 universis,
675 1094 894 1181 praesentibus
918 1098 952 1159 et
974 1093 1109 1172 tuturis,
1136 1091 1225 1181 quod
1249 1093 1285 1157 in
1310 1096 1425 1158 nostra
1441 1088 1597 1143 All-1⁸1⁸·

372 1195 557 1281 praesentia,
570 1203 707 1284 propter
730 1197 792 1262 hoc
815 1195 1034 1283 personaliter
1055 1197 1267 1274 constitutus,
1284 1195 1424 1262 dilectus

373 1301 407 1362 et
421 1296 529 1362 fidelia
553 1304 666 1364 noster
684 1295 880 1364 Amenanus
903 1297 1057 1363 dominus
1081 1299 1123 1364 de
1153 1298 1303 1374 Lebreto,
1317 1296 1424 1373 miles,

372 1398 414 1464 ad
437 1399 632 1464 mandatum
649 1405 683 1466 et
698 1400 947 1486 requisitionem
971 1405 1120 1465 nostrum
1144 1404 1178 1465 et
1205 1399 1248 1464 ob
1272 1420 1425 1464 reveren-

373 1502 452 1567 tiam
470 1501 634 1566 karissimi
649 1502 711 1568 filii
735 1507 770 1568 et
786 1502 893 1568 fidelis
909 1503 1016 1568 nostri
1032 1501 1199 1578 Edwardi,
1215 1500 1279 1567 Dei
1295 1500 1423 1580 Gratia,

371 1604 470 1691 Regis
485 1604 625 1694 englis,
635 1606 739 1672 Ducis
755 1605 957 1692 Aquitaniae,
968 1605 1023 1672 cui
1038 1609 1199 1691 tanquam
1216 1605 1350 1670 domino
1365 1625 1425 1668 suo

372 1707 536 1774 desiderat
566 1707 603 1772 in
634 1708 788 1775 omnibus
820 1708 1021 1796 complacere
1048 1714 1083 1775 et
1109 1709 1213 1796 ipsius
1240 1707 1425 1774 voluntatis

372 1809 578 1898 beneplacito
604 1811 871 1888 condescendere,
886 1817 1049 1898 quantum
1075 1812 1158 1877 sinit
1184 1812 1329 1876 bumana
1359 1809 1425 1875 fra·

372 1913 493 2002 gilitas,
524 1913 686 1979 bonoris¹
710 1914 936 2001 pulcritudine
960 1919 1178 2002 praeservata:
1213 1913 1367 1978 omnibus
1390 1917 1425 1978 et

372 2015 511 2104 singulis
534 2014 815 2104 appellationibus
830 2038 898 2103 ¹per
922 2037 998 2082 eum
1022 2037 1083 2104 pro
1110 2038 1154 2092 se,
1177 2013 1426 2081 adhaerentibus

372 2117 561 2186 hominibus
588 2125 622 2185 et
648 2119 793 2186 subditis
819 2120 889 2186 suis
913 2119 1020 2198 fectis,
1038 2141 1143 2206 usque
1167 2119 1203 2184 in
1227 2125 1424 2206 presentem

374 2221 471 2300 diem,
484 2225 601 2290 contra
626 2223 803 2309 praefctum
827 2223 955 2289 Ducem
975 2221 1030 2288 vel
1055 2221 1258 2300 senescallos,
1273 2219 1425 2308 bujulos,²

374 2321 522 2412 majores,
554 2324 772 2412 officialesque
808 2323 891 2391 alios
922 2330 957 2391 et
996 2325 1178 2390 servientes
1214 2324 1296 2390 dicti
1321 2323 1424 2389 Ducis

373 2448 580 2514 quocumque
606 2427 740 2493 nornine
772 2431 979 2504 censeantur,
1002 2448 1132 2492 necnon
1166 2425 1238 2511 ejus
1264 2425 1425 2504 subditos,

374 2529 541 2596 occasione
564 2529 677 2616 ipsius,
693 2529 898 2616 processibus
913 2529 1015 2596 etism
1040 2534 1074 2594 et
1098 2529 1274 2594 sententiis
1290 2528 1425 2615 quibus·

375 2651 514 2719 cumque
530 2629 608 2698 inde
620 2631 806 2698 secutisvel
823 2631 936 2718 alfiae]
952 2631 1060 2708 iactis,
1070 2636 1140 2697 tem
1156 2631 1297 2697 incuria
1311 2636 1427 2698 nostra

376 2731 522 2800 Pcrisius
561 2756 659 2821 quem
691 2735 782 2812 alibi,
810 2756 920 2801 coram
951 2733 1074 2800 nostris
1108 2733 1342 2800 commissoriis
1373 2734 1427 2800 vel

375 2835 449 2903 aliis
476 2835 670 2902 officialibus
693 2835 967 2924 quibuscumque,
990 2837 1159 2903 occasione
1184 2837 1237 2903 vel
1263 2859 1305 2901 ex
1330 2858 1428 2903 ceusu

375 2937 584 3025 injuriarum,
615 2938 859 3015 violentiarum,
889 2939 1109 3027 dampnorum
1138 2945 1172 3006 et
1196 2939 1427 3026 gravaminum

375 3041 545 3107 illatorum
577 3039 824 3128 quomodolibet
856 3041 944 3106 dicto
975 3040 1158 3118 Ameneuo,
1181 3041 1371 3107 hominibus
1393 3045 1428 3108 et

377 3143 520 3210 subditis
536 3144 614 3223 suis,
631 3165 669 3212 ae
685 3143 815 3211 ratione
832 3143 1093 3222 homicidiorum,
1102 3149 1269 3231 raptuum,
1280 3144 1428 3210 incendi-

375 3268 480 3324 orum,
498 3247 700 3334 rapinarum,
715 3247 770 3312 vel
794 3247 937 3314 aliorum
957 3267 1241 3334 quorumcumque
1256 3246 1427 3314 malefact-

375 3375 476 3432 orum,
516 3354 680 3440 quomodo
718 3353 801 3420 libet
839 3357 1115 3442 perpetratorum,
1146 3359 1263 3420 contra
1301 3353 1427 3420 dictum

375 3455 595 3534 Amancuum,
616 3455 768 3522 homines
793 3461 827 3522 et
854 3456 1006 3522 subditos
1033 3478 1119 3534 suos,
1142 3478 1203 3543 per
1227 3456 1429 3535 senescallos,

375 3557 512 3646 bajulos,
540 3557 688 3646 majores,
715 3557 880 3636 officiales,
903 3559 1085 3624 servientes
1110 3564 1145 3624 et
1171 3559 1323 3626 subditos
1347 3561 1428 3627 dicti

375 3659 478 3728 Ducis
501 3663 542 3726 de
566 3661 724 3728 mandato
746 3661 1000 3728 senescallorum
1024 3661 1079 3726 vel
1102 3661 1271 3728 occasione
1296 3661 1428 3730 servicii

375 3763 478 3828 Ducis
490 3763 636 3846 ejusdem
652 3789 659 3829 :
684 3785 813 3830 necnon
829 3761 920 3829 omni
931 3763 1014 3850 juri,
1024 3769 1059 3828 ct
1075 3763 1199 3829 actioni
1211 3764 1427 3852 competenti-

375 3863 437 3930 bus
465 3865 518 3930 vel
545 3865 776 3952 competitoris
808 3867 978 3933 occasione
1008 3864 1262 3954 praemissorum,
1286 3865 1340 3932 vel
1367 3867 1427 3934 nli-

376 3988 516 4054 quorum
554 3990 597 4034 ex
635 3968 728 4055 ipsis,
759 3967 849 4036 dicto
872 3969 1070 4034 Amaneuo³
1100 3973 1134 4033 ct
1170 3967 1316 4034 subditis
1350 3971 1428 4048 suis,

376 4069 588 4136 renunciavit
626 4069 715 4136 idem
755 4071 959 4150 Arnancuus‚
997 4091 1057 4158 pro
1089 4093 1135 4149 se,
1166 4069 1356 4138 bominibus
1394 4079 1429 4138 et

377 4171 520 4238 subditis
542 4171 621 4250 suis,
636 4171 766 4260 sibique
789 4172 1047 4251 adherentibus,
1065 4172 1201 4260 penitus
1216 4178 1251 4239 et
1276 4195 1429 4261 expresse

376 4274 680 4362 promittens,bona
691 4275 756 4342 fide
773 4279 807 4341 et
818 4277 881 4342 sub
893 4275 1096 4362 obligatione
1108 4276 1257 4341 omnium
1268 4277 1428 4344 bonorum

377 4399 521 4456 suorum,
535 4399 595 4465 pro
611 4401 655 4456 se,
673 4377 871 4457 bominibus,
886 4377 1029 4444 subditis
1045 4377 1336 4446 etodhaerentibus
1352 4381 1429 4459 suis,

377 4479 466 4566 quod
480 4485 596 4546 contra
612 4480 894 4546 renuntiationem
917 4479 1109 4566 praedictam
1124 4501 1185 4566 per
1198 4501 1233 4546 se
1249 4479 1303 4546 vel
1325 4481 1429 4548 alium

378 4603 444 4646 non
455 4581 567 4648 veniet
582 4581 618 4646 in
633 4581 793 4647 futurum.
830 4579 872 4646 In
882 4602 1023 4668 quorum
1038 4581 1186 4647 omnium
1202 4582 1430 4650 testimonium

411 4773 570 4825 ¹tmn'rin
583 4773 641 4825 MS.
957 4769 1120 4822 'imnum
1158 4778 1184 4823 et
1219 4771 1335 4834 meniu,
1370 4773 1429 4828 Ros

412 4851 746 4920 ’bajalaronancrasura
926 4849 1040 4902 Vascon.
