3548 5754
389 886 453 952 994
635 904 736 954 mesu
760 903 898 956 nunnus
921 903 968 954 on
990 903 1186 954 aereorum.

387 1091 497 1157 minus
523 1091 564 1156 de
592 1111 693 1178 oupro
726 1089 895 1156 videbitur
918 1091 1099 1158 continere.
1156 1089 1305 1156 Primum
1329 1109 1440 1156 exem·

387 1195 480 1281 plum
496 1201 547 1261 est
568 1194 801 1283 sterlingorum
820 1193 960 1282 Angliae,
976 1215 1115 1279 quorum
1137 1191 1311 1258 standardi
1326 1190 1439 1278 quaeli-

388 1298 446 1364 bet
469 1297 555 1363 libra
578 1297 726 1364 eontinet
752 1297 793 1362 de
820 1317 923 1383 cupro
951 1297 1080 1382 pondus
1107 1295 1190 1380 xviij
1208 1294 1440 1381 sterlingorum

389 1406 423 1466 et
446 1400 555 1479 oboli;
585 1411 620 1466 et
651 1400 873 1486 quodeunque
902 1404 1079 1484 argentum
1103 1397 1313 1485 aequivalerit
1333 1395 1441 1464 eidem

389 1503 570 1568 standardo
586 1503 759 1569 emendum
786 1508 837 1570 est
863 1523 923 1589 per
948 1501 1055 1588 xiiijd.
1077 1500 1133 1578 ob..
1149 1501 1207 1586 qui
1230 1500 1386 1567 videlieet
1399 1500 1440 1566 de

390 1605 539 1692 qnalibet
554 1605 640 1670 libra
661 1627 720 1692 pro
737 1605 866 1671 eambio
883 1605 1081 1673 retinentur.
1120 1603 1225 1689 Cujus
1241 1603 1288 1668 rei
1307 1623 1439 1668 oausam
1545 1635 1550 1646 ·

390 1707 493 1773 luisse
516 1708 661 1775 arbitror
689 1708 778 1794 quod
802 1728 878 1773 oum
905 1707 984 1772 olim
1008 1707 1091 1793 Regi
1106 1706 1237 1792 Anglire
1253 1706 1295 1772 de
1312 1704 1441 1772 aambio
1536 1786 1542 1800 ⁸

389 1811 567 1898 cujuslibet
605 1810 698 1876 librae
727 1831 786 1875 sex
819 1815 951 1876 tantum
985 1809 1113 1875 denarii
1151 1808 1373 1894 provenirent,
1404 1807 1440 1872 in

389 1913 552 2000 prinoipio
583 1913 672 1978 Novi
704 1912 833 1980 Cambii
863 1912 1105 1978 oonsideratum
1136 1911 1203 1976 fuit
1235 1915 1270 1976 et
1311 1909 1441 1976 utiliter

390 2015 581 2080 ordinatum
614 2015 702 2101 quod
727 2013 800 2080 Rex
827 2013 869 2078 de
900 2013 1041 2102 singulis
1074 2012 1169 2078 libris
1199 2011 1268 2078 ixd.
1299 2011 1441 2099 resipere

390 2122 532 2205 poterat,
547 2123 581 2184 et
600 2117 761 2203 Magister
780 2117 923 2182 Monetas
948 2137 1214 2202 mramquamque
1239 2115 1358 2181 libram
1381 2135 1441 2201 pro

390 2221 537 2307 quinque
561 2220 705 2286 denariis
732 2226 766 2286 et
793 2220 888 2286 obolo
907 2218 1075 2284 fabricare.
1122 2218 1205 2284 Cum
1222 2240 1300 2305 ergo
1322 2217 1391 2284 ixd.
1407 2223 1442 2283 et

391 2323 446 2389 vd.
460 2321 520 2390 ob.¹
537 2322 663 2388 faeiem
678 2321 784 2408 xiiijd.
800 2321 858 2400 ou,
874 2321 948 2408 plus
964 2343 1024 2388 neo
1038 2322 1150 2388 minus
1165 2322 1376 2388 retinendum
1392 2329 1444 2386 est

392 2446 451 2512 pro
475 2425 604 2492 cambio
634 2423 859 2510 oujusounque
890 2423 1021 2510 argenti
1051 2423 1140 2508 quod
1166 2423 1257 2510 paris
1283 2421 1443 2489 bonitatis

392 2529 496 2594 fuerit
517 2550 592 2594 eum
615 2527 803 2593 standardo
843 2525 1046 2612 Eademque
1069 2527 1330 2594 oonsideratione
1345 2525 1445 2592 debet

392 2629 552 2697 cambiari
574 2633 609 2694 st
633 2629 698 2694 emi
721 2627 893 2714 quodlibet
928 2648 1033 2714 genus
1064 2629 1206 2714 argenti,
1227 2627 1329 2714 juxta
1354 2627 1444 2714 quod

392 2733 511 2799 melius
525 2732 578 2797 vel
594 2732 741 2798 deterius
764 2730 947 2818 reperitur;
970 2731 1019 2796 ita
1045 2731 1134 2816 quod
1156 2731 1198 2796 de
1213 2733 1305 2797 exitu
1323 2731 1443 2798 cambii

391 2857 467 2904 oum
491 2834 666 2901 sufficienti
697 2833 795 2900 elluio
818 2833 902 2919 Regi
932 2839 966 2897 et
992 2832 1153 2920 Magistro
1186 2839 1327 2900 moneta
1354 2833 1444 2920 juste

392 2940 504 3004 valeat
519 2937 762 3024 responderi,et
771 2941 905 3002 moneta
919 2933 1083 3002 sufficiens
1099 2937 1252 3002 inveniri.
1283 2937 1444 3024 Verump·

392 3046 515 3117 tamen,
525 3041 567 3105 de
577 3040 681 3106 veteri
697 3045 831 3105 moneta
846 3037 978 3126 Angliee
993 3059 1081 3104 unus
1097 3039 1253 3105 denarius
1274 3045 1309 3106 et
1329 3037 1444 3106 obolus

391 3169 452 3234 pro
475 3147 604 3214 oambio
632 3146 771 3214 ulterius
796 3146 990 3222 retinentur,
1013 3145 1072 3231 qui
1098 3145 1188 3212 dioto
1215 3145 1375 3232 Magistro
1400 3145 1445 3210 ad

392 3249 657 3315 emendationem
674 3248 816 3313 Monetae
840 3248 995 3335 deputati
1011 3247 1156 3324 fuerunt,
1167 3269 1228 3334 pro
1243 3269 1283 3340 eo
1297 3247 1387 3333 quod
1401 3247 1444 3312 ad

392 3373 516 3418 novum
528 3350 745 3418 standardum
758 3351 858 3439 Regis
868 3349 880 3386 ¹
890 3349 1004 3416 eadem
1016 3356 1113 3416 vetus
1128 3357 1262 3416 moneta
1273 3350 1445 3418 dioebatur

393 3456 434 3521 de
449 3455 589 3521 totidem
613 3475 683 3520 esse
709 3453 818 3540 pejor;
841 3453 929 3518 unde
952 3453 1053 3519 etiam
1070 3452 1238 3540 colligitur
1253 3453 1339 3541 quod
1356 3453 1446 3540 quio·

393 3559 540 3645 quidde
567 3557 669 3644 pejori
696 3565 835 3644 argento
865 3555 1006 3622 ulterius
1037 3555 1201 3622 retinetur
1224 3556 1267 3622 ad
1291 3557 1444 3623 emenda·

393 3662 518 3728 tionem
558 3660 704 3745 ejusdem
742 3659 884 3746 argenti,
916 3664 967 3724 est
1012 3658 1163 3725 totaliter
1199 3659 1442 3747 assignandum

393 3763 582 3830 Secundum
606 3761 794 3849 exemplum
818 3767 870 3828 est
890 3758 1179 3848 Bandlrynorum,³
1193 3783 1331 3848 quorum
1356 3782 1444 3848 qum·

392 3868 476 3933 libet
501 3867 588 3932 libra
614 3865 762 3931 eontinet
787 3864 828 3928 do
849 3885 952 3951 oupro
967 3863 1096 3950 pondus
1110 3864 1184 3951 xiiij
1201 3865 1445 3952 sterlingorum,

393 3969 567 4058 quodlibet
581 3973 694 4034 autem
719 3971 895 4054 argentum
912 3966 1062 4052 ejusdem
1085 3967 1208 4032 valoris
1228 3969 1350 4034 emitur
1363 3966 1447 4056 per⁴

393 4073 460 4151 xd,
489 4074 548 4160 qui
578 4085 711 4137 tantum
743 4069 840 4135 modo
870 4069 912 4135 de
942 4068 1091 4155 qualibet
1119 4069 1205 4138 libra
1234 4093 1295 4159 pro
1317 4071 1446 4138 oambio

393 4176 599 4255 retinentur3
630 4173 717 4260 quia,
738 4175 859 4258 praeter
880 4169 952 4249 hoe,
982 4193 1082 4258 supra
1111 4171 1296 4259 quamlibet
1325 4172 1445 4240 libram

394 4385 430 4446 et
459 4379 551 4468 paris
580 4376 742 4445 bonitatis
772 4375 916 4442 existere
945 4395 1020 4442 oum
1051 4375 1240 4444 standardo.
1297 4376 1448 4444 Tertium

396 4559 604 4570 —o--u——m-
625 4560 648 4566 --
692 4559 727 4565 -·

431 4673 504 4724 lind
526 4677 551 4722 sl
570 4670 611 4720 od.
632 4669 671 4720 ub.
689 4685 722 4720 ou
743 4683 776 4718 uu
795 4682 898 4718 ensure
982 4665 1195 4726 'Reatinorum
1208 4668 1262 4720 MS.
1276 4669 1377 4720 Cotton.

397 4751 423 4803 iu
442 4753 499 4804 llll.
982 4746 1127 4811 *proms-
1140 4749 1243 4799 Cotton.

429 4831 439 4864 i
451 4830 506 4882 MS.
521 4831 624 4882 Cotton.
639 4826 715 4878 omits
728 4826 817 4892 Regu.
