3584 5746
652 914 756 964 cmm
779 912 918 963 nunnus
940 911 988 962 nn
1010 911 1206 962 corccmno.
1388 899 1454 962 843

641 1088 872 1154 Mnuonsnm
896 1103 963 1151 ruo
986 1085 1213 1150 Rnen—cont.

395 1222 530 1304 propter
544 1216 659 1302 longas
675 1222 709 1281 et
731 1214 867 1280 inutiles
890 1235 1017 1280 annuas
1041 1213 1222 1300 scripturas
1245 1213 1453 1278 diversorum
1471 1224 1540 1276 Ab.
1556 1227 1627 1276 1270.

396 1319 584 1384 debitorum
609 1323 796 1383 nostrorum
820 1317 962 1403 compoti
985 1315 1132 1402 plurium
1153 1315 1394 1382 Vioecomitum
1419 1319 1453 1380 et

394 1421 535 1486 aliorum
565 1419 764 1484 ballivorum
792 1423 981 1484 nostrorum
1006 1417 1049 1482 cd
1079 1438 1235 1504 magnum
1268 1419 1451 1505 dampnum

395 1527 546 1588 nostrum
554 1520 1452 1606 remanentinauditi,propterquodquendemformsm

394 1625 597 1712 providistis,
612 1647 671 1711 per
693 1645 794 1710 quom
817 1622 974 1690 correctio
997 1622 1033 1686 in
1055 1621 1119 1688 hoc
1133 1629 1227 1710 perte
1242 1625 1314 1689 fieri
1329 1624 1453 1711 poterit

395 1728 433 1792 in
461 1726 624 1804 futurum,
654 1748 728 1812 quae
765 1725 900 1812 quidem
930 1723 1046 1800 formo,
1077 1724 1114 1788 in
1145 1726 1290 1792 crastino
1320 1726 1452 1793 Sancte)

396 1829 608 1896 Scholasticae
622 1828 771 1916 Virginis
781 1849 869 1893 anno
883 1826 977 1914 regni
989 1827 1098 1891 nostri
1113 1827 1214 1914 liiijto,
1226 1851 1335 1894 coram
1347 1830 1452 1905 nobis,

396 1932 538 1998 Ricardo
565 1933 655 2020 Rege
685 1932 909 1997 Romanorum
929 1929 1034 1994 fratre
1058 1937 1181 2008 nostro,
1208 1931 1452 1998 venerabilibus

395 2034 548 2122 putribus
574 2035 721 2100 Wnitero
752 2032 951 2099 Eboracensi
982 2031 1246 2120 Archiepiscopo‚
1270 2033 1453 2101 Godeirido

397 2136 608 2222 wigornensi
653 2136 825 2222 Episcopo,
871 2133 1035 2199 Edwardo
1073 2134 1293 2222 primogenito
1330 2143 1452 2214 nostro,

398 2237 564 2304 Willelmo
589 2239 629 2303 de
657 2239 814 2303 Velencis
835 2237 939 2300 fratre
962 2239 1085 2313 nostro,
1107 2237 1236 2325 Regem
1258 2239 1299 2304 de
1320 2239 1453 2308 Mortuo
1495 2287 1499 2296 .

398 2340 492 2418 Meri,
515 2339 670 2426 Philippo
693 2341 819 2416 Besset‚
842 2337 987 2402 Henrico
1012 2337 1053 2401 de
1080 2339 1285 2418 Alemannie,
1309 2343 1453 2408 Roberto

398 2441 568 2529 Aguylun‚
600 2441 744 2506 Roberto
774 2437 983 2513 Weleruund,
999 2445 1034 2502 et
1059 2439 1133 2504 aliis
1160 2443 1371 2529 magnetibus
1395 2443 1453 2530 qui

400 2551 479 2608 sunt
494 2543 535 2608 de
551 2542 697 2608 Consilio
709 2546 833 2618 nostro,
848 2540 934 2606 lecte
948 2539 1023 2613 fuit,
1038 2542 1198 2626 exposita,
1213 2545 1402 2611 examinata
1420 2551 1455 2611 et

398 2646 441 2711 ab
468 2645 621 2710 omnibus
653 2642 820 2731 predictis
852 2641 1036 2728 approbata
1048 2665 1056 2719 ;
1094 2643 1187 2729 cnjus
1216 2646 1330 2713 formae
1359 2653 1454 2714 tenor

398 2747 476 2814 tuiis
491 2753 550 2815 est.

442 2848 583 2914 “Primo
628 2849 792 2914 scribatur
840 2847 969 2934 Oorpcw
1008 2847 1198 2917 Comitatus
1227 2851 1347 2918 deinde
1377 2853 1452 2920 Ele·

398 2947 542 3016 nosincc
558 2947 766 3026 Omtetitnte,
782 2955 816 3016 et
834 2947 1066 3016 liberationes
1088 2959 1123 3016 et
1141 2951 1268 3020 Brevin
1290 2952 1331 3020 de
1352 2953 1454 3022 Miris

403 3049 646 3117 Ve'ceoomc'tnne
685 3051 771 3116 sicut
811 3071 938 3137 semper
975 3051 1048 3116 fieri
1087 3055 1266 3122 consuevit
1324 3055 1454 3122 Deinde

400 3157 554 3218 oneretur
585 3151 774 3218 Vicecomes
797 3151 839 3216 de
865 3153 961 3217 firma
984 3174 1044 3239 pro
1071 3153 1228 3241 Proficno
1255 3157 1454 3237 Gmnitutne,

400 3254 453 3320 vel
468 3255 509 3322 de
523 3253 691 3338 Proficno.
738 3253 869 3319 Deinde
889 3253 1078 3320 scribantur
1096 3278 1208 3323 omnes
1223 3259 1360 3340 Firmo,
1384 3266 1453 3327 tam

400 3357 540 3442 majores
555 3377 655 3441 quam
674 3355 825 3432 minores,
843 3361 879 3420 et
899 3357 1010 3422 omnis
1027 3355 1148 3424 Debita
1163 3359 1400 3430 Atterrninotu
1417 3364 1455 3428 in

401 3458 470 3522 suis
484 3458 564 3524 locis
579 3458 760 3524 secundum
775 3456 923 3522 ordinem
940 3457 1063 3524 Rotuli.
1091 3459 1253 3528 Similiter
1268 3455 1455 3532 scribentur

401 3559 513 3624 omnia
538 3579 661 3646 magna
684 3555 806 3624 Debita
830 3563 863 3623 ct
890 3557 956 3623 odia
980 3558 1102 3626 Debita
1127 3564 1260 3652 cognita
1283 3567 1454 3653 usquead

401 3659 539 3726 titulum
560 3659 658 3726 Novo
679 3659 808 3726 Oblntu.
855 3659 899 3724 Et
916 3665 992 3746 post
1010 3661 1146 3728 titulum
1164 3665 1368 3750 predictum,
1384 3670 1452 3734 exi·

400 3769 524 3849 guntur
538 3761 662 3828 Debite
676 3766 835 3828 contentu
852 3761 889 3826 in
911 3761 1162 3848 Oriybnalibue,
1182 3771 1253 3832 tem
1276 3768 1454 3855 majoribus

400 3888 502 3951 quam
526 3865 720 3947 minoribus,
749 3866 790 3930 de
814 3865 935 3950 quibus
957 3871 1135 3933 onerentur
1158 3869 1374 3938 Vicecomites
1394 3896 1454 3962 per

400 3989 476 4032 sues
500 3967 735 4054 responsiones
783 3967 905 4032 Omnia
929 3989 1009 4034 vero
1035 3969 1103 4035 ulia
1126 3971 1250 4039 Debita
1275 3976 1454 4066 exigantur

400 4069 579 4157 diligenter
605 4090 625 4135 a
652 4067 911 4136 Viceoomitibus
940 4091 1049 4136 coram
1077 4073 1308 4144 assidentibus.
1354 4079 1399 4145 Et
1425 4082 1454 4146 si

400 4170 493 4235 nulla
530 4171 592 4236 fiet
628 4171 796 4256 responsio
827 4170 868 4236 de
906 4171 1051 4237 denariis
1081 4175 1159 4240 inde
1193 4180 1342 4266 receptis,
1374 4187 1454 4250 tunc

400 4277 593 4338 remaneant
609 4273 645 4337 in
663 4272 773 4338 rotulo
792 4272 828 4336 in
843 4293 909 4358 quo
924 4275 1048 4361 scripta
1062 4282 1150 4355 sunt,
1166 4283 1200 4344 et
1215 4281 1305 4347 ultre
1318 4284 1454 4352 nomino

401 4395 512 4440 eorum
548 4376 606 4462 qui
638 4375 760 4440 debent
794 4375 909 4440 eadem
943 4377 1065 4456 debita,
1095 4387 1239 4466 ponetur
1268 4384 1383 4452 littere
1412 4388 1453 4454 D.

401 4477 513 4544 Finito
538 4483 651 4544 sutem
676 4484 836 4564 compote,
859 4478 998 4566 singulis
1021 4482 1125 4560 annis,
1148 4485 1311 4554 scribetur
1333 4491 1453 4558 titulus

402 4579 496 4645 telis:
518 4577 641 4646 Debita
667 4579 879 4646 diversorum
900 4601 1049 4667 quornm
1068 4585 1268 4656 omninibus
1286 4593 1453 4680 propont-

403 4687 461 4747 tnr
476 4681 592 4748 tittern
604 4681 644 4748 D.
660 4679 704 4748 in
720 4680 786 4747 toti
801 4681 913 4748 rotulo
928 4683 1113 4770 eeiqontnr
1128 4694 1157 4754 et
1168 4701 1454 4761 ermenonecntnr

402 4781 551 4870 senentio
561 4782 687 4862 omnim
703 4790 738 4851 et
749 4789 863 4872 postea
874 4785 935 4852 fist
946 4787 1158 4859 summonitio
1174 4791 1233 4862 illc
1248 4798 1282 4861 et
1297 4797 1453 4865 mittetur
