3456 5740
348 719 376 774 iv
860 733 1032 776 couruurs.

1537 907 1550 940 θ

349 978 395 1036 De
416 978 540 1054 speciali
565 977 687 1034 Materia
708 977 863 1055 Tungeute
885 977 1097 1052 Episcopatum
1120 977 1352 1036 Duuolmcnsem
1439 1011 1448 1020 -
1474 893 1550 1034 110ζο

348 1111 394 1168 Do
415 1109 541 1181 Querela
561 1109 683 1166 Thourae
704 1127 798 1184 nuper
818 1109 944 1167 Comitis
966 1107 1168 1167 Luncustriae·
1252 1144 1262 1155 ·
1346 1144 1355 1152 -
1439 1110 1552 1167 -1030

348 1223 556 1311 Exposibioucs
577 1237 792 1295 Vocabulorum
878 1269 1449 1283 -------
1474 1239 1550 1296 1032

350 1367 394 1423 De
417 1365 558 1423 Multuris
579 1365 793 1442 Episcopomm
880 1400 1452 1414 ·······
1476 1369 1553 1424 1040

349 1497 541 1554 Memoranda
560 1496 597 1553 do
617 1493 713 1553 Bullis
734 1494 861 1554 liberaris
882 1495 1056 1554 camerariis
1076 1497 1113 1553 ad
1134 1497 1356 1554 custodiendum
1439 1531 1449 1540 ·
1474 1498 1549 1554 1042

348 1625 540 1701 Transcripta
561 1625 714 1683 Bullurum
786 1658 1451 1672 --------
1476 1627 1551 1684 1048

349 1756 440 1816 carra
459 1766 489 1814 et
510 1755 630 1814 Litterae
651 1755 744 1833 Regis
764 1756 898 1814 Frunoiae
918 1757 955 1814 de
976 1767 1054 1814 terra
1075 1757 1230 1815 Vasconiae
1253 1791 1263 1802 -
1346 1791 1357 1800 -
1439 1790 1451 1800 ·
1475 1757 1551 1814 1055

351 1883 396 1942 Do
429 1883 626 1941 Libertatibus
653 1882 809 1943 Concessio
841 1885 1062 1944 Mercatoribus
1092 1887 1247 1944 vinetarr'is
1278 1887 1314 1943 de
1336 1885 1452 1944 Duoutu

471 1978 640 2053 Aquituuiae
694 2014 1453 2028 ---------
1477 1983 1554 2040 1060

350 2107 474 2166 Summa
494 2108 671 2167 Toxotionis
694 2144 1453 2158 ---------
1478 2113 1555 2170 1064

351 2242 397 2300 De
420 2235 577 2297 Fideliute
599 2238 821 2317 Archiepiscopi
844 2241 1091 2318 Rothomogonsis
1162 2276 1172 2288 -
1255 2276 1264 2288 -
1350 2276 1361 2287 ·
1442 2275 1454 2287 ·
1479 2243 1555 2301 1065

353 2373 398 2430 De
421 2370 537 2430 Judaeis
558 2369 761 2427 recedentibus
781 2371 818 2426 ub
839 2370 951 2446 Angliu
976 2405 1453 2417 ------
1479 2373 1555 2430 1005

350 2502 395 2559 De
418 2500 584 2577 inceptione
606 2499 750 2557 Daturum
786 2533 1453 2548 --------
1477 2503 1555 2560 1066

350 2637 396 2696 De
417 2636 504 2711 Aqua
524 2634 619 2712 Tynae
693 2663 1454 2682 ---------
1479 2637 1555 2694 1070

351 2767 397 2826 De
418 2767 525 2825 Assaio
550 2765 679 2823 Monetae
699 2783 777 2822 anno
798 2765 892 2824 xxvii.
914 2765 1006 2844 Regis
1027 2765 1153 2824 Henrici
1174 2767 1237 2826 111.
1257 2801 1268 2810 ·
1350 2799 1361 2810 ·
1444 2797 1455 2807 ·
1480 2761 1556 2824 1072
