3598 5752
390 865 476 930 1058
638 881 742 932 mssa
764 882 902 934 nunnus
926 883 1190 932 semisermo.

217 1067 283 1116 Am.
299 1071 369 1117 ¹³¹³·
387 1074 422 1134 et
448 1070 628 1148 munimen,
653 1075 831 1157 praesentes
857 1069 987 1136 litteras
1012 1070 1084 1135 fieri
1112 1068 1251 1136 fecimus
1278 1074 1312 1135 et
1336 1069 1438 1156 sigilli

386 1171 492 1236 nostri
513 1170 712 1258 appensione
738 1171 869 1237 muniri.
916 1171 1039 1237 Actum
1064 1170 1209 1249 Pissiasi,
1224 1171 1279 1238 die
1292 1171 1438 1238 secunda

387 1275 508 1340 mensis
547 1274 640 1350 Julii,
681 1296 769 1340 anno
807 1274 943 1340 Domini
983 1273 1157 1340 millesimo
1206 1275 1438 1342 trecentesimo

386 1377 637 1444 tertio-decime.

386 1629 517 1696 In'tlccu
554 1628 656 1714 Reqis
703 1627 862 1696 Fiuncioe
907 1652 968 1716 per
1014 1651 1121 1715 quoin
1163 1629 1307 1695 remittit
1352 1629 1438 1716 Reqi

476 1731 615 1817 Anqlice
638 1754 734 1798 nnnc
766 1739 796 1799 et
823 1733 923 1820 patri
945 1755 1007 1798 sno
1040 1753 1081 1797 nc
1112 1753 1230 1798 emnem
1263 1731 1439 1798 ministris

477 1832 677 1920 officialibus
699 1841 729 1899 ct
752 1833 902 1900 subditis
918 1831 1006 1900 dicti
1022 1833 1124 1917 chis
1139 1833 1278 1919 Anqliae
1301 1833 1341 1898 cie
1353 1855 1438 1920 par·

475 1935 565 2002 tibus
593 1935 766 2004 Vasconice
800 1959 935 2004 monent
959 1935 1226 2022 forisfacturam
1255 1943 1438 2014 temanum,

472 2061 613 2126 poenanc
640 2038 892 2126 pecuniarium
913 2045 943 2105 et
974 2037 1086 2104 aliurn
1112 2059 1360 2126 quamcumque
1395 2039 1440 2106 in

476 2139 601 2227 quibus
619 2137 753 2226 possint
768 2139 931 2207 incidisse
949 2147 1090 2226 propter
1113 2139 1357 2206 inobedientias
1380 2163 1438 2206 sen

475 2242 566 2308 nlius
588 2239 747 2328 injurias
771 2243 966 2309 cornmisens
990 2264 1097 2328 nsque
1127 2241 1220 2310 diem
1240 2242 1318 2310 cccc·
1348 2241 1436 2328 ejns-

475 2346 551 2412 dene
566 2345 695 2423 littecoe,
710 2345 777 2412 etn¹

432 2472 614 2559 Philippus,
655 2473 718 2539 Dei
759 2473 877 2560 gratia,
920 2473 1119 2538 Francorum
1166 2472 1248 2538 Rex.
1309 2472 1436 2540 Notum

387 2573 524 2640 facimus
540 2575 711 2651 universis,
728 2574 946 2660 praesentibus
966 2581 1000 2640 et
1016 2575 1148 2652 fuimis,
1163 2575 1252 2661 quod
1266 2595 1341 2642 oum
1357 2577 1436 2640 olim

386 2677 430 2742 ad
455 2698 551 2742 aures
574 2681 713 2755 nostras,
737 2677 926 2743 officialium
950 2684 985 2743 et
1007 2677 1216 2743 subditorum
1239 2683 1436 2755 nostrorum,

386 2779 571 2865 praecipue,
585 2781 793 2865 quorundam
805 2779 1048 2865 ¹appellantium
1068 2787 1135 2844 tam
1152 2780 1301 2846 Donatus
1315 2781 1436 2867 Aquit-

386 2880 471 2945 aniae
501 2901 601 2966 quam
632 2881 818 2946 vicinarum
849 2881 996 2968 partium
1027 2881 1170 2946 clamosa
1200 2882 1355 2969 frequens
1385 2881 1435 2947 in-

385 2983 531 3048 sinuatio
545 2983 705 3070 perduxit
714 2983 890 3050 nonnullas
898 2983 1140 3050 inobedientias
1155 2985 1345 3050 commissas
1359 3006 1435 3052 eon·

386 3092 439 3149 tra
464 3106 524 3150 nos
540 3090 573 3150 et
598 3088 696 3172 ipsos,
710 3107 828 3174 graves
853 3092 888 3150 et
913 3107 1061 3152 enormes
1087 3086 1237 3172 injurias,
1252 3087 1436 3165 violentius,

386 3187 531 3274 dampna
546 3192 580 3253 et
609 3189 804 3274 gravamina
826 3189 921 3253 nobis
952 3209 990 3254 ao
1013 3189 1093 3274 ipsis
1116 3189 1219 3266 illata,
1250 3189 1436 3268 homicidia,

385 3294 512 3376 raptus,
527 3291 686 3366 incendia,
702 3312 740 3356 ac
756 3291 898 3375 rapinas,
909 3288 1118 3376 plurimaque
1133 3292 1199 3357 alia
1214 3291 1436 3358 maleficiafu·

386 3392 450 3458 isse
473 3395 664 3479 perpetrata
685 3415 742 3478 per
760 3391 962 3468 senescallos
975 3391 1111 3478 bajulos,
1122 3393 1271 3481 majores,
1282 3394 1436 3462 officiales

386 3516 451 3579 que
479 3494 569 3570 alios,
585 3495 768 3558 servientes
784 3501 818 3560 et
845 3493 996 3560 subditos
1021 3494 1182 3560 carissimi
1198 3496 1260 3560 filii
1279 3505 1313 3563 et
1329 3497 1436 3563 fidelis

385 3598 491 3663 nostri
509 3595 673 3674 Edwardi,
698 3597 798 3684 Regis
826 3596 957 3683 Anglise
985 3597 1136 3676 illustris,
1154 3598 1246 3665 ducis
1270 3600 1435 3687 Aquitan-

386 3700 459 3776 nise,
475 3719 573 3786 super
595 3697 716 3784 quibus
733 3720 790 3763 seu
806 3720 920 3764 eorum
944 3698 1122 3786 aliquibus,
1138 3706 1245 3767 certos
1267 3724 1436 3790 processus

387 3825 446 3890 per
461 3801 703 3869 commissarios
719 3807 849 3868 nostros
866 3807 1002 3889 propter
1016 3801 1079 3868 hoo
1094 3801 1130 3868 in
1147 3805 1268 3870 eisdem
1286 3805 1436 3893 partibus

388 3907 527 3972 diversis
544 3904 671 3970 vicibus
687 3904 869 3970 destinatos
892 3928 913 3970 a
936 3905 1032 3971 nobis
1048 3905 1121 3972 fieri
1138 3907 1378 3986 mandavimus,
1392 3909 1436 3975 ad

388 4009 558 4076 sciendum
581 4009 610 4073 si
634 4007 746 4073 delata
772 4007 878 4086 nobis,
895 4012 935 4073 ut
958 4008 1161 4095 praedicitur,
1177 4032 1256 4076 vera
1278 4016 1386 4076 essent
1402 4017 1437 4078 et

387 4111 630 4200 providendum
655 4131 756 4197 super
779 4109 846 4174 hiis
873 4132 931 4197 per
957 4111 1047 4176 viam
1075 4111 1195 4200 rigoris
1216 4112 1368 4198 justitiae,
1383 4115 1437 4180 vel

387 4215 493 4290 aliter,
508 4219 548 4279 ut
571 4214 720 4291 deceret;
751 4217 785 4277 et
811 4213 978 4278 occasione
1005 4234 1123 4278 senex
1147 4236 1247 4279 eausa
1274 4215 1437 4282 dictarum

387 4315 696 4390 inobedientiarum,
724 4315 900 4402 juriarum,
929 4315 1175 4394 violentiarum,
1200 4318 1437 4384 maleficiorum

387 4425 421 4484 et
437 4418 577 4484 aliorum
593 4417 829 4505 praedictorum
844 4415 1006 4504 praefatus
1033 4417 1113 4483 Dux
1135 4419 1172 4482 in
1194 4419 1438 4488 forisfacturam

390 4527 553 4587 terrarum
581 4543 716 4586 suarum
733 4521 788 4586 vel
803 4542 933 4606 paenam
954 4519 1066 4600 aliam,
1090 4521 1237 4609 dictique
1260 4525 1440 4603 senescalli,

422 4737 501 4788 ¹'I'ha
536 4737 592 4786 title
632 4735 658 4786 in
695 4737 754 4786 Rot.
784 4737 897 4797 Vascon,
934 4737 999 4786 tione
1031 4743 1055 4786 ct
1083 4738 1228 4789 remissione
1252 4740 1339 4804 saetis
1373 4740 1440 4808 qur'

391 4821 403 4868 7
420 4815 491 4868 now.
504 4817 552 4879 11.,
562 4817 599 4866 M.
614 4820 653 4875 14,
665 4815 696 4876 is,
712 4815 756 4866 De
771 4815 900 4882 perdona-
937 4816 1040 4882 Anqlioe
1048 4833 1097 4882 per
1109 4817 1203 4883 qucm
1214 4817 1344 4872 Francia.
