3584 5746
402 867 466 932 832
660 883 762 932 mnus
785 882 923 932 sunaus
946 881 992 930 nn
1016 881 1212 931 scaccario.

521 1069 594 1134 Puo
620 1069 719 1134 Rncn
748 1085 793 1134 nn
822 1081 1074 1134 rsnuoorrrvs
1098 1067 1336 1134 linars-conl.

400 1199 417 1229 “
441 1189 536 1261 nobis
574 1186 821 1284 suggerentium
856 1193 948 1281 ‘quod
980 1195 1150 1262 Joliannes
1188 1197 1229 1260 de
1270 1195 1456 1281 Leycestre,

400 1307 418 1332 ·‘
443 1299 654 1364 ranrerarius
692 1301 733 1364 de
771 1299 942 1365 Scacoario
976 1299 1145 1386 praedicto,
1169 1298 1256 1385 ipsos
1286 1298 1455 1372 Thomam,

402 1408 419 1434 ‘⁴
441 1395 609 1478 Tlromam,
620 1401 829 1476 Nicholaum,
841 1401 1055 1476 willelmum,
1066 1391 1453 1477 Henricum,.lolrannem

404 1513 420 1538 “
444 1503 551 1569 filium
564 1503 732 1581 Willelmi,
749 1504 845 1582 Salle,
862 1511 897 1569 et
912 1504 1101 1570 Johannem
1117 1503 1148 1569 le
1165 1504 1267 1569 Riche
1284 1503 1340 1588 qui
1358 1503 1455 1567 liberi

400 1615 417 1640 “
442 1606 587 1671 lromines
615 1611 754 1672 suntet
784 1607 964 1672 secundum
997 1628 1202 1672 communem
1230 1605 1333 1692 legem
1360 1609 1456 1670 terrae

400 1718 417 1742 “
440 1708 558 1774 deduci
581 1708 713 1787 debent,
739 1709 904 1775 maliciose
932 1731 1138 1797 praegravare
1164 1715 1197 1773 et
1226 1709 1312 1794 ipsos
1337 1731 1358 1774 a
1384 1707 1456 1794 legs

400 1820 417 1843 “
441 1811 606 1888 communi
627 1811 744 1876 callide
760 1812 954 1884 machinans
970 1812 1160 1886 destituere,
1178 1810 1266 1896 ipsos
1284 1809 1455 1896 perbreve

400 1923 417 1948 “
442 1922 591 1979 nostrum
607 1914 648 1978 de
664 1914 833 1980 Scaccario
849 1914 1008 2001 praedicto
1020 1936 1129 1980 coram
1140 1913 1235 1978 vobis
1248 1914 1456 1989 retornabile,

403 2025 419 2049 '‘
441 2016 485 2080 ad
501 2017 765 2103 respondendum
779 2019 916 2103 prealato
929 2017 1075 2081 Johanni
1093 2017 1134 2081 dc
1151 2016 1328 2103 Leycestrs
1353 2039 1455 2102 quare

402 2129 418 2152 “
444 2121 477 2182 vi
494 2125 528 2184 et
543 2121 644 2184 armis
661 2125 774 2205 portas
789 2124 823 2184 et
839 2119 968 2184 hostia¹
986 2120 1159 2191 domorum
1176 2119 1282 2205 ipsius
1293 2120 1315 2185 J
1318 2119 1455 2184 ohannis

402 2231 417 2254 “
442 2221 482 2285 de
498 2221 671 2308 Lcycestre
688 2222 777 2309 apud
793 2221 919 2288 Cloune
935 2224 970 2287 in
987 2222 1147 2287 comitatu
1159 2221 1271 2306 Derby
1282 2227 1456 2287 noctanter

401 2331 416 2356 “
440 2323 622 2409 fregerunt,
638 2329 671 2388 et
694 2324 776 2388 duos
800 2346 909 2409 equos,
925 2325 1008 2388 duos
1030 2325 1139 2400 boves,
1162 2323 1307 2409 quinque
1332 2345 1455 2399 vaccas,

400 2433 417 2458 “
441 2433 573 2490 centnm
599 2433 633 2490 et
662 2426 884 2512 qnadraginta
910 2448 998 2500 oves,
1014 2432 1048 2490 ct
1079 2425 1145 2490 alia
1169 2424 1256 2490 bona
1279 2429 1313 2488 et
1337 2426 1456 2490 catalla

400 2535 417 2562 “
441 2527 587 2614 ejusdem
604 2528 767 2594 Johannis
784 2529 824 2594 de
849 2529 1033 2614 Leycestre,
1048 2528 1091 2592 ad
1113 2527 1295 2592 valentium
1321 2534 1454 2593 centum

400 2639 417 2664 “
441 2630 610 2706 librarum,
632 2636 799 2718 ceperunt,
822 2631 1044 2708 abduxerunt,
1070 2636 1105 2696 et
1130 2635 1397 2716 asportaverunt,
1412 2632 1452 2696 ad

401 2743 416 2766 ¹‘
440 2755 542 2819 grave
573 2733 754 2821 dampnum
794 2734 899 2821 ipsius
937 2734 1102 2798 «iohannis
1133 2734 1174 2798 de
1205 2733 1389 2819 Leycestre,
1420 2740 1453 2798 et

401 2845 416 2869 “
440 2843 557 2901 contra
581 2859 696 2923 pacem
720 2843 869 2902 nostram
894 2835 1105 2922 implacitari,
1122 2840 1156 2900 et
1180 2835 1268 2923 ipsos
1292 2859 1352 2923 per
1379 2859 1454 2923 pro·

399 2947 416 2971 “
440 2959 565 3004 cessum
583 2938 660 3004 inde
677 2939 841 3004 incudem
865 2937 1033 3003 Scaocario
1057 2937 1210 3002 habitum
1234 2937 1453 3004 diversimode

399 3042 643 3128 “praegravari
670 3047 704 3106 et
731 3041 911 3126 inquietari
938 3041 1139 3128 procuravit,
1155 3042 1191 3105 in
1216 3042 1362 3128 ipsorum
1387 3042 1453 3106 dis·

399 3144 597 3231 “pendium
630 3165 696 3209 non
727 3143 902 3219 modicum,
925 3150 960 3208 et
989 3148 1105 3208 contra
1130 3142 1235 3230 legem
1260 3149 1295 3208 et
1319 3166 1452 3210 consue·

399 3256 416 3281 ‘·'
441 3247 592 3311 tudinem
608 3246 702 3332 regni
714 3245 830 3322 nostri,
846 3251 881 3311 et
896 3251 1012 3311 contra
1027 3252 1175 3312 tenorem
1194 3247 1325 3334 Magnas
1343 3247 1453 3314 Curtia

399 3361 416 3384 “
441 3349 747 3436 praedicta—vobis
769 3349 1039 3414 mandaverimus
1055 3350 1152 3435 quod,
1168 3350 1197 3414 si
1222 3371 1331 3415 coram
1358 3352 1453 3416 vobis

398 3462 417 3490 “
443 3452 519 3517 talis
535 3456 621 3518 essct
636 3473 816 3539 processus,
832 3456 913 3518 tnnc
928 3452 1052 3538 placito
1075 3451 1152 3517 inde
1167 3473 1273 3518 coram
1299 3454 1394 3520 vobis
1418 3454 1452 3520 in

398 3564 417 3592 ‘⁶
442 3555 555 3620 eodum
601 3555 770 3622 Scaccario
816 3555 956 3620 ulterius
1003 3555 1147 3620 tenendo
1195 3557 1452 3641 supersederetis

399 3668 414 3692 “
439 3658 582 3734 omnino,
623 3665 657 3722 et
698 3657 786 3743 quod
825 3657 964 3744 praelato
1005 3656 1154 3721 iohanni
1194 3657 1235 3722 dc
1275 3657 1451 3745 Leycestrc

399 3761 591 3826 “diceretis
619 3783 659 3824 ex
692 3766 787 3847 parte
819 3764 933 3824 nostra
972 3759 1061 3844 quod
1091 3760 1192 3824 breve
1227 3767 1380 3826 nostrum
1410 3763 1452 3827 ds

398 3873 414 3896 “
439 3863 700 3948 transgressione
731 3862 773 3926 ad
806 3883 1012 3927 communem
1037 3862 1144 3950 legem
1168 3883 1285 3928 versus
1309 3885 1362 3929 cos
1386 3863 1451 3929 sibi

399 3976 414 3999 “
440 3967 643 4051 impetraret,
689 3965 717 4028 si
764 3965 827 4030 sibi
870 3965 1001 4030 videret
1041 3965 1205 4051 expedire.
1264 3967 1314 4032 Ac
1350 3967 1451 4033 iidem

398 4077 415 4102 “
439 4069 591 4146 Thomas,
624 4067 776 4144 Thomas
813 4067 1004 4144 Nicholaus‚
1046 4065 1238 4146 Willelmus,
1277 4069 1452 4149 Hernicus,

398 4181 414 4204 “
439 4171 606 4237 Jolrunnes
621 4170 711 4234 filius
736 4169 902 4249 Willelmi,
925 4170 1023 4247 Salle,
1046 4175 1080 4235 ct
1103 4170 1272 4237 Johannes
1295 4172 1326 4237 la
1349 4173 1451 4238 Riche

398 4283 414 4307 “
438 4274 534 4338 nobis
558 4272 819 4360 supplicaverint
845 4279 893 4349 ut,
909 4294 983 4338 cum
999 4294 1059 4337 vos
1082 4273 1118 4336 in
1140 4273 1261 4359 placito
1284 4275 1452 4361 praedicto,

399 4387 415 4410 ‘¹
439 4384 554 4442 contra
579 4383 725 4441 tenorem
753 4376 902 4440 mandati
928 4376 1033 4441 nostri
1058 4377 1218 4463 praedicti,
1233 4399 1301 4442 non
1326 4378 1451 4464 absque

399 4491 414 4514 “
439 4502 547 4545 errore
574 4481 804 4565 processeritis,
827 4485 861 4542 et
886 4479 1053 4564 quandam
1078 4479 1329 4565 inquisitionem
1352 4505 1452 4568 super

399 4594 413 4617 “
440 4583 626 4669 praemissis,
642 4603 700 4666 per
716 4603 815 4667 quam
832 4582 919 4646 idem
936 4583 1078 4647 Thomas
1103 4591 1137 4648 et
1162 4583 1219 4648 alii
1244 4585 1394 4672 praedicti
1410 4585 1452 4650 de

399 4741 453 4748 ..η-
463 4738 796 4746 ..c-”m
806 4739 857 4746 ---
894 4740 970 4747 ——--=·
994 4739 1054 4745 ---
1094 4738 1278 4746 ...ω-..η--ψο-ς,
1317 4741 1322 4745 -
1330 4741 1358 4746 --.
1373 4741 1443 4747 .---

740 4810 748 4842 ¹
761 4812 834 4872 ostia,
846 4811 876 4860 11·
889 4811 917 4862 Τ.
930 4811 963 4860 R.
975 4813 1025 4861 and
1039 4811 1070 4860 Κ.
1085 4812 1116 4861 ll.
