3548 5754
223 2925 286 2988 cap.
298 2942 324 2974 x.

393 837 458 904 944
639 853 743 905 mne
765 853 903 906 nessus
926 855 973 904 nn
995 855 1191 906 scnecmo.

394 1029 546 1094 meismes
573 1027 621 1095 les
651 1030 760 1096 dettes
790 1034 825 1097 et
850 1031 890 1096 de
921 1030 1032 1116 queles
1062 1035 1200 1098 estretes
1229 1031 1295 1097 eles
1325 1037 1450 1097 venent

393 1131 551 1217 illoeques
577 1131 781 1219 pleinement
806 1135 926 1210 entrez,
947 1137 982 1198 et
1005 1155 1047 1198 en
1072 1132 1120 1200 les
1142 1134 1250 1200 roules
1271 1134 1320 1199 du
1341 1138 1449 1220 temps

394 1234 507 1300 suient
530 1235 595 1300 soit
618 1232 744 1301 vonehe
767 1239 843 1300 tent
862 1236 1046 1302 seulement
1066 1235 1097 1302 le
1112 1236 1204 1302 mule
1220 1257 1263 1302 ou
1279 1235 1326 1302 les
1342 1235 1450 1303 dettes

395 1337 466 1403 ensi
480 1337 705 1405 sessemblent

442 1526 538 1606 Item,
555 1527 586 1594 le
601 1528 694 1594 reule
710 1535 783 1614 qest
805 1527 934 1615 appelle
950 1549 1045 1614 corps
1068 1528 1127 1594 des
1148 1533 1313 1608 eountees,
1328 1551 1371 1598 ou
1392 1529 1448 1596 de-

396 1629 517 1696 mende
536 1653 557 1696 e
575 1629 657 1696 faire
681 1631 738 1696 des
762 1653 900 1698 escunes
924 1630 1042 1696 sennes
1068 1638 1102 1698 et
1125 1632 1316 1719 decomptes
1346 1638 1381 1700 et
1407 1634 1448 1699 de

396 1731 530 1818 plusurs
553 1733 661 1800 dettes
692 1735 835 1822 grandes
860 1739 894 1799 et
920 1735 1042 1821 petites
1076 1739 1128 1800 est
1158 1735 1351 1813 remembre,
1382 1737 1448 1803 soit

394 1835 566 1900 exeminez
596 1857 687 1902 eome
718 1843 769 1902 est
799 1857 951 1904 eomenee
984 1843 1018 1902 et
1054 1837 1183 1904 declere
1224 1861 1312 1926 queu
1349 1839 1446 1905 chose

394 1937 533 2004 demure
563 1938 627 2004 due
650 1939 691 2004 de
722 1939 807 2020 eler;
830 1945 865 2005 et
895 1939 961 2006 soit
983 1941 1165 2006 remembre
1195 1963 1237 2006 en
1266 1963 1390 2008 mesme
1416 1942 1447 2008 le

394 2039 486 2106 reule
504 2061 547 2106 ou
563 2047 675 2106 autres
695 2048 778 2107 ount
793 2042 978 2129 responduz
995 2043 1035 2108 de
1051 2065 1108 2110 eeo
1123 2065 1164 2130 qe
1184 2044 1227 2108 ed
1246 2066 1354 2110 venuz
1376 2045 1447 2110 ensi

395 2164 437 2208 en
453 2142 633 2224 demend03
656 2150 691 2210 et
706 2165 763 2210 ceo
778 2143 920 2211 eheseun
935 2151 1073 2212 countee
1089 2146 1132 2212 ed
1147 2168 1207 2233 per
1225 2145 1282 2214 lu'n

441 2332 538 2412 Item,
548 2335 576 2399 si
586 2339 738 2422 seompte
753 2336 799 2401 dn
815 2357 859 2402 eu
874 2336 938 2402 noi
955 2337 1020 2404 soit
1034 2337 1197 2404 demende
1214 2359 1290 2404 vers
1305 2339 1390 2406 eelui
1407 2339 1448 2406 de

394 2440 428 2522 qi
445 2436 476 2502 le
493 2437 665 2503 viseounte
682 2441 817 2524 respont
844 2439 891 2525 qil
915 2449 991 2504 nest
1014 2461 1074 2526 pes
1098 2445 1202 2516 trove,
1217 2461 1259 2506 ne
1283 2441 1356 2506 rien
1379 2441 1446 2508 ned

393 2560 455 2625 per
477 2539 555 2624 quoi
580 2539 604 2603 il
627 2545 709 2626 peut
729 2545 817 2606 estre
841 2541 1021 2620 destreint3
1044 2541 1110 2606 soit
1134 2540 1257 2608 seiten
1282 2542 1331 2608 cel
1351 2565 1406 2610 ees
1425 2566 1446 2609 a

394 2640 584 2728 lEseheqier
601 2662 663 2727 pur
677 2642 709 2708 le
725 2641 788 2707 Roi
805 2641 914 2708 selene
929 2663 966 2708 ee
989 2665 1030 2728 qe
1044 2641 1176 2710 homme
1192 2665 1251 2710 use
1270 2645 1405 2710 eilleurs
1424 2668 1445 2710 e

393 2747 428 2812 le
442 2769 614 2814 commune
630 2747 686 2835 ley
701 2769 744 2814 en
759 2748 832 2835 plee
848 2747 1022 2836 decompte
1037 2771 1058 2814 a
1073 2750 1160 2817 suite
1176 2751 1217 2817 de
1238 2751 1355 2838 partie.

438 2925 535 3005 Item,
551 2949 592 3014 qe
607 2927 654 2992 les
671 2925 870 2992 Esehetours
888 2926 920 2991 le
943 2927 1006 2992 Roi
1028 2926 1068 2992 de
1085 2947 1142 2992 eea
1158 2926 1280 2994 Trente
1297 2934 1331 2995 et
1347 2929 1389 2994 de
1403 2929 1445 3007 le,

393 3027 427 3113 qi
444 3033 520 3094 sont
535 3050 577 3093 ou
593 3049 658 3115 pur
682 3034 791 3114 temps
815 3033 945 3094 serront
970 3049 990 3094 e
1014 3033 1183 3116 eeompter
1202 3030 1261 3096 des
1277 3030 1383 3096 issues
1404 3032 1446 3097 de

245 3143 290 3193 so.
303 3147 362 3197 ese.
393 3128 467 3196 lonr
481 3130 610 3196 baillies
625 3153 646 3196 a
662 3130 861 3217 lEseheqier,
873 3130 987 3196 feeent
1002 3131 1253 3197 distinetement
1269 3136 1303 3198 et
1318 3139 1447 3220 aperte-

393 3241 486 3298 ment
502 3232 654 3298 enrouler
674 3237 760 3298 tetes
784 3254 933 3298 maneres
960 3233 1017 3298 des
1042 3238 1216 3319 enquestes
1237 3238 1271 3299 et
1296 3239 1447 3300 extentes

394 3356 434 3419 qe
451 3357 516 3400 eux
532 3356 575 3401 ou
591 3339 704 3400 autres
720 3334 761 3400 de
777 3356 839 3421 per
855 3355 920 3399 eux
936 3334 1064 3400 ferrent
1078 3356 1139 3421 per
1150 3336 1386 3403 meundement
1401 3337 1447 3402 du

394 3435 457 3500 Roi
473 3459 515 3502 ou
532 3458 573 3502 en
588 3443 684 3501 entre
700 3458 833 3502 manere
854 3459 915 3524 per
935 3435 1036 3514 office,
1052 3441 1086 3502 et
1111 3437 1196 3502 celes
1218 3443 1392 3523 enquestes
1414 3444 1447 3505 et

394 3542 545 3604 extentes
581 3539 651 3604 ensi
689 3539 869 3615 enroulees,
896 3537 1018 3603 liverer
1055 3539 1291 3605 ennuelement
1321 3562 1365 3606 eu
1396 3541 1448 3606 dit

394 3641 570 3728 Eseheqier
585 3661 622 3706 es
637 3641 805 3706 Tresorier
830 3645 865 3705 et
890 3639 1016 3706 Berons
1037 3639 1195 3727 illosques
1215 3664 1236 3706 a
1257 3641 1305 3708 les
1319 3642 1448 3730 profres

393 3745 436 3810 de
455 3743 643 3829 lendeneyn
663 3743 703 3807 de
726 3741 821 3808 Seint
844 3740 965 3807 Michel
991 3747 1025 3807 et
1049 3743 1089 3808 de
1113 3742 1147 3808 le
1165 3741 1264 3810 Clnse
1285 3744 1448 3831 Pesques;

394 3846 490 3912 issint
515 3852 584 3913 tote
610 3846 693 3911 foitz
719 3869 760 3931 qe
783 3867 825 3911 en
850 3845 994 3910 chescun
1019 3846 1097 3910 tiele
1118 3846 1209 3912 roule
1225 3869 1246 3912 e
1261 3847 1382 3914 liverer
1403 3870 1447 3914 au

394 3951 505 4038 profre
526 3950 567 4015 de
586 3949 619 4014 le
638 3949 735 4014 Seint
754 3947 897 4026 Miehiel,
913 3948 1021 4015 soient
1041 3949 1244 4036 pleinement
1269 3957 1447 4018 eontenues

396 4059 482 4120 totes
498 4057 673 4140 enqnestes
688 4057 723 4116 et
738 4055 891 4117 extentes
906 4073 946 4138 qe
962 4051 1032 4116 ensi
1049 4059 1189 4118 everont
1208 4058 1278 4118 este
1293 4055 1397 4141 pn‘ses
1413 4061 1448 4121 et

394 4157 495 4222 faites
518 4161 611 4222 entre
634 4155 668 4219 le
688 4155 834 4240 Pesques
849 4153 1005 4241 prochein
1028 4153 1154 4221 devant
1178 4166 1212 4221 et
1238 4157 1374 4222 meisme
1398 4156 1447 4224 cel

395 4263 499 4325 tenne
515 4257 556 4324 de
572 4257 668 4323 Seint
684 4256 836 4336 Michie13
851 4262 887 4322 et
901 4277 943 4322 en
958 4257 1101 4324 cheseun
1116 4257 1208 4324 reule
1223 4279 1244 4323 a
1267 4259 1388 4326 liverer
1403 4281 1447 4326 eu

395 4361 517 4447 proffre
543 4359 586 4424 de
612 4358 645 4425 le
670 4359 769 4425 Oluse
794 4357 949 4444 Pasques,
972 4359 1020 4424 les
1042 4365 1217 4445 enquestes
1238 4366 1273 4427 et
1295 4367 1447 4428 extentes

395 4461 430 4549 qi
460 4466 599 4527 averont
629 4467 698 4527 este
727 4461 831 4548 prises
854 4466 889 4527 et
919 4460 1020 4527 faites
1050 4467 1143 4527 entre
1169 4483 1229 4530 eeu
1250 4461 1329 4549 jour
1355 4469 1390 4531 et
1414 4464 1447 4528 la
