3548 5754
409 895 474 962 974
665 911 767 960 urana
791 910 927 961 nunnus
951 909 997 959 on
1021 909 1214 960 scaccuaro.

241 1109 310 1160 An).
324 1107 394 1158 urs.
412 1103 429 1132 “
452 1095 641 1185 hujusmodi
680 1097 840 1165 scrutinia
876 1103 911 1163 et
958 1098 1161 1184 transcripta
1211 1103 1245 1163 et
1290 1096 1459 1162 talliarum

413 1200 684 1266 “innovationes
715 1199 966 1286 impetrantium
991 1199 1170 1287 dampnum
1202 1219 1268 1265 non
1295 1197 1459 1264 modicum

413 1311 428 1336 “
453 1309 487 1368 et
517 1325 717 1388 gravamen3
740 1302 818 1370 licet
848 1300 1036 1389 hujusmodi
1067 1302 1228 1369 scrutinia
1258 1307 1292 1367 et
1322 1302 1459 1368 innova·

412 1413 428 1438 “
452 1406 559 1471 tiones
573 1405 741 1472 talliarum
757 1405 880 1471 eisdem
904 1403 1102 1470 Oamerariis
1124 1403 1248 1470 nostris
1271 1425 1331 1491 per
1346 1402 1459 1469 brevia

412 1515 429 1540 “
451 1513 565 1574 nostra
606 1506 805 1574 demandata
844 1506 986 1573 fuissent
1027 1506 1187 1574 facienda.
1249 1505 1319 1573 Nos
1356 1505 1460 1594 igitur

413 1608 617 1675 “communi
649 1609 789 1675 utilitati
830 1609 1001 1675 hominum
1040 1609 1135 1696 regni
1172 1609 1278 1675 nostri
1316 1607 1458 1696 prospici

412 1720 428 1744 “
453 1713 600 1777 volentes
624 1710 660 1774 in
684 1711 746 1776 hac
772 1717 878 1799 parte,
894 1711 1075 1777 constituto
1101 1733 1206 1797 nuper
1232 1711 1268 1775 in
1294 1709 1460 1797 presentia

412 1823 428 1848 ‘¹
451 1819 565 1879 nostra
596 1813 716 1878 dilecto
747 1819 781 1877 et
812 1813 899 1878 fideli
938 1817 1052 1880 nostro
1083 1812 1249 1878 Willelmo
1287 1813 1328 1878 de
1367 1812 1460 1878 Bello

412 1923 428 1950 “
453 1915 586 2002 Campe,
602 1913 731 1982 Gemite
760 1913 1018 1991 Warrwici‚uno
1046 1913 1087 1980 de
1113 1911 1311 1980 Camerariis
1338 1914 1460 1980 nostris

413 2024 429 2052 ‘¹
453 2019 598 2104 ejusdem
614 2017 785 2094 Sceocarii‚
796 2017 1030 2102 requisivimus
1041 2016 1207 2082 abeodem
1224 2021 1334 2081 utrum
1346 2015 1459 2101 hujus·

412 2130 427 2155 ‘⁶
452 2121 541 2186 modi
557 2121 639 2186 fines
655 2126 690 2186 et
711 2118 953 2206 redemptiones
979 2141 1094 2206 capere
1117 2120 1274 2185 clamaret
1300 2123 1457 2206 tanquam

411 2231 428 2257 “
451 2223 655 2311 pertinentes
670 2221 712 2286 ad
728 2220 870 2286 officium
897 2220 1096 2286 Camerarius
1120 2221 1289 2309 praedictae
1313 2241 1374 2287 nec
1398 2241 1460 2298 ne;

410 2335 426 2360 “
450 2326 508 2412 qui
546 2325 692 2411 captioni
729 2323 920 2409 hujusmodi
963 2323 1080 2389 finium
1124 2329 1158 2389 et
1195 2324 1459 2410 redemptionum

410 2429 617 2494 “occasione
648 2427 796 2515 predicta
826 2426 1033 2493 renuntiavit
1056 2425 1189 2492 omnino
1216 2448 1326 2492 coram
1356 2425 1458 2491 nobis.

411 2541 427 2567 “
453 2532 497 2596 Et
522 2530 596 2596 ideo
617 2529 712 2595 vobis
735 2530 930 2594 mandamus
958 2528 1047 2614 quod
1074 2527 1235 2596 decaetero
1261 2551 1322 2616 pro
1347 2527 1460 2614 hujus-

411 2633 541 2701 “modi
569 2631 757 2720 cirograffis,
781 2632 909 2708 rotulis,
935 2631 1100 2708 brevibus,
1131 2633 1234 2698 talliis
1266 2633 1460 2709 scrutandis,

412 2745 428 2772 “
452 2735 720 2813 transcribendis,
744 2755 802 2800 seu
826 2732 930 2800 talliis
961 2734 1170 2812 innovandis,
1193 2735 1237 2800 ad
1266 2735 1460 2802 mandatum

411 2849 428 2874 “
452 2845 602 2905 nostrum
633 2858 690 2904 seu
729 2837 996 2903 Justiciariorum
1028 2843 1225 2918 nostrorum,
1263 2839 1365 2905 nichil
1403 2859 1461 2924 per

412 2951 427 2976 “
451 2941 618 3006 ministros
634 2938 794 3005 Scaccarii
809 2938 960 3027 praedicti
976 2938 1138 3024 abaliquo
1149 2940 1222 3026 cepi
1239 2939 1461 3026 permittatis;

412 3053 428 3078 “
452 3049 502 3110 set
517 3043 687 3132 praemissa
702 3042 813 3107 omnia
828 3047 951 3108 extunc
965 3041 1070 3130 gratis
1086 3040 1157 3106 fieri
1173 3048 1208 3108 et
1232 3042 1411 3120 observari,
1426 3046 1460 3106 et

412 3155 427 3183 “
452 3147 548 3212 sicin
564 3144 733 3212 Sceccario
747 3144 917 3209 irrotulari
933 3143 1072 3210 faciatis.
1105 3143 1201 3210 Teste
1217 3167 1269 3210 me
1287 3147 1357 3232 ipso
1372 3144 1460 3233 apud

412 3257 428 3285 “
453 3246 792 3322 westmonasterium,
824 3245 897 3331 xiiij
930 3245 983 3310 die
1011 3243 1220 3324 Novembris,
1252 3268 1340 3313 anno
1365 3246 1459 3336 regni

412 3359 429 3387 ‘¹
453 3351 557 3417 nostri
573 3351 722 3438 septimo.

456 3453 529 3519 “Et
566 3450 815 3517 memorandum
853 3449 940 3535 quod
978 3455 1181 3537 praeceptum
1219 3456 1270 3516 est
1308 3451 1456 3517 Johanni

454 3553 595 3639 Devery,
621 3553 737 3618 clerico
768 3550 978 3617 Theseurerii
1009 3553 1045 3616 in
1072 3551 1225 3638 Recepta,
1256 3552 1383 3618 decimo
1408 3552 1461 3618 die

413 3665 430 3692 “
453 3656 637 3734 Februarii,
652 3676 740 3721 anno
759 3654 951 3720 duodecimo
978 3653 1078 3741 Regis
1104 3653 1262 3720 Edwardi
1287 3677 1385 3734 nunc,
1402 3655 1461 3720 lilii

411 3766 427 3796 ‘⁸
454 3761 552 3849 Regis
568 3758 728 3847 praedicti,
744 3757 832 3843 quod
847 3757 950 3822 nichil
966 3756 1080 3843 exiget
1095 3779 1151 3822 seu
1169 3758 1312 3845 capiate
1327 3757 1461 3844 quibus·

412 3870 428 3897 “
452 3884 591 3948 cumque
607 3883 667 3948 pro
682 3858 785 3925 talliis
811 3857 1020 3938 innovandis,
1038 3881 1095 3924 seu
1120 3881 1181 3946 pro
1197 3859 1383 3949 cirograffis,
1411 3881 1462 3925 ro·

413 3973 429 3998 “
454 3964 543 4042 tulis,
555 3963 665 4040 talliis,
678 3961 835 4028 brevibus
850 3966 885 4027 et
899 3960 1002 4026 talliis
1018 3962 1204 4046 querendis
1219 3968 1254 4028 et
1268 3961 1462 4038 scrutandis,

414 4073 430 4102 “
453 4087 512 4132 sau
528 4087 586 4152 pro
602 4062 812 4150 transcriptis
826 4061 1046 4129 eorundem.”l

241 4449 394 4498 annas.
456 4484 464 4500 .
510 4482 517 4500 .
564 4432 584 4497 .²
608 4432 676 4517 [de]
690 4431 790 4497 Statu
803 4431 1117 4498 SceocariiDublini
1132 4435 1222 4520 apud
1240 4435 1459 4504 westmonas-

248 4513 386 4644 Ῑῖῇέζξξ·
412 4536 541 4612 terium,
550 4533 868 4620 perThesaurarium
878 4545 913 4598 et
924 4535 1071 4600 Berones
1083 4535 1208 4602 domini
1219 4537 1319 4625 Regis
1328 4539 1461 4618 ibidem,

446 4750 526 4800 ¹'l'his
545 4757 618 4813 entry
637 4747 657 4797 is
681 4748 800 4798 followed
824 4749 857 4812 by
875 4764 907 4798 en
993 4747 1143 4816 ²Probably
1161 4751 1204 4802 the
1222 4755 1303 4802 words
1317 4753 1460 4806 Ordinatio

409 4846 512 4882 erantne
523 4829 550 4879 oi
562 4828 658 4878 several
670 4825 740 4876 lines.
952 4827 1031 4890 sactu
1043 4829 1134 4879 should
1145 4831 1177 4880 be
1189 4833 1249 4882 read
1260 4831 1328 4884 here.
