3598 5752
423 871 510 937 1024
668 885 770 936 urana
793 885 930 938 nunnus
954 883 999 936 nr
1023 885 1218 937 scnccsnro.

282 1107 375 1222 1343&
458 1108 1440 1190 accurarsrrmcourrarus1mamaeam

257 1265 397 1315 md,
792 1211 940 1278 uncas
970 1209 1102 1278 tueor.²

465 1339 640 1404 Univerais
659 1339 787 1404 ohriui
803 1339 956 1404 fidelibus
972 1339 1014 1404 ad
1038 1361 1120 1425 quos
1138 1361 1282 1426 praesens
1309 1341 1469 1427 scriptum

421 1443 619 1529 pervenerit,
648 1441 819 1506 Johannes
853 1443 893 1506 de
928 1442 1060 1518 Eamne,
1089 1443 1230 1508 salutem
1261 1443 1296 1508 in
1328 1443 1469 1510 domino.

422 1545 506 1608 Cum
537 1567 644 1631 nuper
674 1542 828 1608 dominus
858 1550 972 1608 noster
1005 1543 1197 1622 Edwardus,
1229 1544 1368 1608 illustris
1398 1545 1469 1612 Rex

424 1647 561 1734 Angliae,
573 1645 673 1712 michi
689 1647 885 1712 concesserit
908 1651 1041 1711 centum
1058 1646 1195 1712 libratas
1212 1653 1309 1712 terrae
1325 1668 1383 1732 pro
1395 1647 1470 1733 jure

422 1770 494 1814 meo
510 1750 598 1834 quod
614 1750 650 1813 in
666 1749 819 1814 omnibus
835 1750 934 1813 terris
950 1753 984 1814 et
1000 1748 1199 1814 tenementis
1215 1769 1289 1834 quae
1306 1749 1469 1833 quondam

421 1852 559 1916 fuerunt
583 1851 734 1916 Avelinae
749 1851 789 1916 de
818 1850 845 1914 F
846 1851 983 1927 ortibus,
1000 1850 1183 1916 Comitissae
1206 1849 1415 1926 Albemarlae,
1434 1852 1470 1916 in

421 1975 522 2040 regno
548 1954 688 2040 Angliae‚
713 1959 747 2019 et
777 1953 812 2018 in
843 1959 931 2019 terra
962 1953 1175 2018 Normanniae
1208 1953 1381 2019 vendicavi
1411 1959 1470 2019 aut

421 2056 532 2134 habui,
544 2058 579 2122 in
595 2078 659 2144 qua
677 2056 810 2141 quidem
827 2077 955 2120 summa
970 2060 1103 2120 centum
1120 2053 1362 2141 librata[rum]³
1373 2067 1470 2121 terra

423 2181 505 2244 quas
521 2159 636 2246 recepi,
648 2159 831 2224 manerium
848 2159 888 2222 de
904 2157 1133 2244 Appeltrewik
1153 2158 1189 2222 in
1205 2157 1355 2224 Oravcne
1371 2159 1470 2225 michi

423 2263 585 2326 traditum
602 2261 668 2325 fuit
682 2261 783 2326 altius
799 2260 840 2324 de
855 2259 939 2346 lxxij
957 2260 1069 2325 solidis
1086 2281 1184 2346 quam
1202 2260 1280 2325 inde
1296 2261 1406 2326 levare
1418 2261 1470 2327 vel

423 2363 534 2449 aliquo
550 2365 646 2429 modo
659 2363 744 2450 juris
771 2364 935 2448 attingere
950 2363 1066 2449 potui:
1090 2363 1179 2427 unde
1191 2363 1345 2428 dominus
1361 2369 1471 2430 noster

425 2465 506 2543 Rex,
521 2488 564 2530 ex
579 2487 640 2530 sua
654 2465 787 2552 speciali
804 2465 920 2549 gratia,
936 2465 1036 2528 michi
1060 2465 1219 2530 concessit
1235 2465 1278 2530 L*
1293 2487 1420 2532 marcae
1435 2466 1471 2530 in

424 2568 722 2654 recompensatione
738 2567 970 2652 praedictorum
987 2567 1069 2644 lxxii
1087 2567 1266 2632 solidorum
1282 2589 1341 2654 pro
1358 2568 1470 2654 damp-

423 2672 475 2735 nis
491 2671 573 2735 meis
585 2679 619 2736 et
630 2670 770 2754 jacturis
787 2669 884 2734 simul
912 2691 987 2734 cum
1014 2669 1104 2734 omni
1127 2669 1203 2755 jure
1227 2670 1315 2754 quod
1331 2669 1366 2734 in
1388 2693 1471 2758 prae·

364 2819 368 2828 .
423 2773 531 2838 missis
546 2773 648 2840 habui
666 2772 718 2836 vel
735 2773 845 2857 aliquo
861 2772 958 2836 modo
973 2771 1093 2837 habere
1109 2773 1212 2857 potui.
1258 2772 1300 2837 In
1315 2772 1409 2859 cujus
1423 2773 1470 2838 rei

422 2874 669 2942 testimonium
1316 2869 1318 2876 ’

853 3113 1146 3121 ---.--

299 3361 366 3410 aa.
424 3349 708 3418 asoosmmo
739 3349 970 3414 remman
996 3349 1056 3413 nu
1089 3348 1315 3416 scansus
1344 3349 1472 3416 com-

282 3433 378 3478 ¹²⁷⁶⁰·
513 3452 660 3518 masis
686 3451 974 3517 rasurarum
998 3451 1086 3517 rao
1110 3451 1206 3518 Anu
1229 3451 1291 3518 nn
1314 3451 1471 3519 sanar-

252 3519 399 3653 Sffiffffl·
513 3553 660 3618 'roan⁴

252 3671 349 3784 fflssn·
470 3682 610 3747 Isabella
625 3681 665 3746 de
679 3680 842 3756 Fortibus,
852 3679 1028 3746 Comitiasa
1043 3679 1241 3746 Albemarlae
1257 3687 1291 3747 et
1306 3681 1472 3758 naonis,

253 3800 383 3852 nereford.
424 3785 615 3872 recognovit
631 3806 689 3869 pro
705 3807 739 3848 se
755 3790 790 3847 et
805 3782 991 3848 haeredibus
1007 3785 1075 3848 suis
1091 3792 1125 3849 et
1140 3807 1199 3871 pro
1222 3785 1375 3850 omnibus
1397 3785 1472 3850 aliis

252 3867 336 3918 ⁰¹⁰⁰·
424 3894 529 3954 terras
554 3895 589 3952 et
614 3891 804 3952 tenemento.
819 3908 880 3950 sua
895 3887 935 3950 de
960 3892 1077 3952 caetero
1094 3887 1295 3965 tenentibus,
1310 3909 1345 3954 se
1368 3887 1471 3952 teneri

424 3991 613 4077 acquietare
628 3989 737 4054 Adam
753 3989 793 4053 dc
811 3988 992 4066 Strattone,
1009 3989 1172 4066 clericum,
1184 3995 1218 4054 et
1237 3990 1382 4056 haeredes
1397 4011 1472 4056 suos

424 4095 478 4158 vel
494 4115 606 4158 rorum
622 4091 808 4178 assignatos
824 4113 939 4156 versus
955 4090 1126 4156 dominum
1138 4091 1261 4179 Regem
1277 4099 1311 4158 et
1326 4092 1472 4158 haerodos

424 4219 500 4262 suos
516 4196 556 4260 de
566 4194 741 4260 tresdecim
756 4193 851 4258 libris
867 4194 987 4258 annuis
1002 4193 1043 4258 de
1059 4195 1156 4259 firma
1171 4195 1211 4260 de
1235 4194 1407 4260 Strattone
1430 4194 1472 4259 ad

425 4298 631 4363 Scaccarium
647 4293 786 4384 singulis
800 4295 896 4359 annis
912 4296 1162 4382 imperpetuum
1210 4295 1255 4360 Et
1270 4295 1335 4361 nisi
1350 4296 1473 4373 feccrit,

424 4399 583 4466 concessit
598 4420 659 4486 pro
676 4420 710 4462 se
727 4402 761 4463 et
776 4395 962 4462 haeredibus
989 4397 1067 4474 suis,
1082 4402 1117 4463 et
1140 4420 1199 4484 pro
1225 4398 1378 4464 omnibus
1399 4399 1473 4463 aliis

459 4663 526 4713 ’δίο
538 4661 633 4714 inus.
1006 4660 1136 4710 ³libratus
1148 4661 1173 4710 in
1187 4661 1241 4710 MS.

457 4741 540 4792 'This
556 4739 578 4790 is
596 4756 612 4790 a
628 4738 750 4805 marginal
770 4739 879 4804 hesding
897 4737 923 4788 in
1006 4739 1073 4802 ⁴pro
1087 4739 1152 4790 aaa
1163 4740 1194 4790 dc
1210 4740 1337 4792 seratura
1349 4741 1371 4792 is
1382 4760 1398 4794 a
1408 4759 1475 4792 mar·

424 4823 467 4873 the
479 4823 534 4872 MS.
973 4817 1043 4883 ginal
1055 4825 1114 4868 noto
1125 4817 1152 4868 in
1163 4819 1220 4880 MS.
