3598 5752
394 841 482 914 10⁷4
835 863 1019 915 mrusnrx.

398 1033 435 1099 iu
453 1035 611 1102 thesauro
637 1035 764 1102 domini
789 1035 892 1126 Regis
916 1036 1005 1124 apud
1032 1035 1363 1103 westmonasterium
1388 1033 1451 1102 sub

397 1136 508 1226 sigillo
524 1136 659 1222 Majoris
676 1137 862 1206 teudonis

444 1237 671 1306 Consimiliter
715 1239 804 1307 facta
848 1245 928 1306 suut
980 1240 1077 1326 plura
1122 1239 1229 1306 ossaia
1274 1239 1311 1304 in
1346 1237 1453 1304 forma

399 1342 567 1429 predicta,
598 1343 687 1409 dioto
719 1343 814 1410 conio
847 1343 980 1430 signata
1013 1365 1073 1429 per
1110 1342 1242 1410 diversa
1281 1341 1354 1408 loca
1392 1341 1451 1408 ubi

399 1443 542 1532 erigitur
574 1445 737 1512 cambium
778 1443 928 1524 liberata,
958 1445 1092 1524 scilicet,
1118 1446 1207 1534 apud
1246 1443 1451 1510 londoniam

399 1545 466 1612 duo
495 1547 641 1634 pondera
670 1545 714 1612 xi
757 1546 978 1624 denariorum,
1011 1568 1114 1612 uuum
1149 1545 1305 1613 videlicet
1330 1567 1451 1634 purum

399 1649 441 1714 ad
467 1655 643 1735 argentum
677 1650 948 1736 cognoscendum,
983 1653 1018 1716 et
1053 1649 1145 1716 aliud
1178 1649 1222 1715 ad
1267 1661 1453 1729 monetam3

399 1750 489 1836 apud
512 1749 729 1818 cantuariam
755 1753 821 1818 duo
844 1751 991 1837 ejusdem
1014 1751 1149 1834 formoe3
1173 1751 1264 1839 apud
1290 1751 1450 1818 Sanctum

401 1851 625 1930 Edmundum,
677 1852 879 1932 Norwicmn,
929 1853 1104 1932 Oxouiam,
1155 1853 1451 1940 Norbamptonam,

400 1951 615 2032 Linooluiam,
658 1953 874 2032 wintoniam,
917 1953 1164 2034 Gioucestriam,
1212 1955 1375 2020 Exoniam
1417 1959 1452 2018 et

402 2055 598 2134 Eboracum,
621 2055 824 2132 Irencester,¹
850 2061 884 2120 at
914 2057 1027 2122 eodem
1055 2057 1159 2123 modo.

446 2157 658 2224 Postmodum
675 2179 755 2224 vero
770 2159 963 2228 mandatum
981 2165 1089 2224 estex
1101 2167 1195 2244 parte
1211 2157 1336 2224 domini
1352 2156 1453 2244 Regis

401 2258 592 2345 majoribus,
601 2259 786 2346 praepositis
802 2263 836 2324 et
849 2258 983 2324 ballivis
999 2259 1232 2345 praedictarum
1244 2258 1399 2324 villarum
1416 2257 1452 2321 in

400 2359 522 2446 quibus
544 2359 617 2426 fiori
633 2360 732 2426 debet
747 2367 882 2426 moneta
897 2366 994 2427 extra
1012 2361 1207 2426 civitatibus
1223 2359 1404 2426 londoniae
1419 2361 1454 2424 et

401 2459 600 2540 cantuarie,
616 2463 704 2549 quod
730 2462 855 2548 singuli
871 2463 907 2526 iu
922 2461 1013 2527 villis
1029 2463 1098 2528 suis
1114 2462 1240 2551 eligant
1251 2464 1293 2528 de
1304 2461 1453 2528 discreti·

401 2661 541 2730 totidem
565 2664 718 2730 custodes
743 2663 944 2743 cuneorum,²
959 2664 1042 2730 duos
1064 2671 1270 2752 assoyatores
1295 2675 1329 2730 et
1349 2685 1452 2730 unum

400 2765 574 2846 clericum;
598 2765 731 2854 proviso
754 2766 843 2854 quod
867 2767 951 2832 tales
973 2767 1043 2833 siut
1069 2779 1103 2832 et
1131 2781 1200 2832 tam
1225 2767 1336 2834 idonei
1362 2765 1452 2853 quod

400 2867 441 2934 de
467 2869 556 2935 facto
582 2868 714 2934 illorum
745 2873 818 2934 tota
844 2869 926 2934 villa
954 2869 1169 2956 respondean
1201 2875 1236 2937 et
1261 2870 1351 2958 quod
1377 2867 1452 2934 illos

399 2995 460 3062 per
475 2971 606 3039 litteras
629 2993 706 3038 suas
726 2973 836 3062 sigillo
859 2975 1109 3040 communitatis
1124 2973 1283 3061 signatas,
1305 2973 1451 3040 Thesau-

400 3075 488 3142 rario
512 3081 547 3142 et
562 3075 749 3142 Batonibus
772 3081 807 3142 et
821 3075 1014 3143 custodibus
1038 3075 1170 3144 Oambii
1196 3076 1323 3142 domini
1349 3075 1451 3166 Regis

399 3183 614 3266 praesentant
647 3177 713 3260 Qui
742 3177 883 3265 majores
911 3179 1083 3266 praepositi
1107 3183 1143 3247 et
1174 3179 1303 3258 ballivi,
1334 3178 1452 3245 audito

399 3282 558 3347 mandato
573 3280 699 3347 domini
715 3279 825 3369 Regis,
840 3286 875 3348 ot
889 3283 926 3347 in
946 3283 1046 3370 hujus
1069 3281 1263 3349 electionem
1287 3282 1322 3346 iu
1345 3281 1453 3348 iorma

400 3383 561 3470 predicta
607 3383 831 3471 procedentes,
863 3383 1015 3451 homines
1057 3384 1100 3449 ad
1143 3383 1250 3452 officia
1291 3383 1451 3472 proedicto

400 3485 528 3564 eiectos,
544 3506 619 3551 cum
646 3483 770 3552 litteris
792 3485 860 3550 suis
888 3486 1088 3572 patentibus,
1103 3485 1140 3549 in
1167 3486 1289 3573 quibus
1316 3485 1452 3551 uomina

400 3609 512 3656 corum
540 3587 733 3654 clericorum
759 3589 982 3664 continentur,
997 3595 1032 3655 et
1056 3589 1115 3674 qui
1131 3589 1210 3667 siut,
1226 3591 1261 3654 in
1282 3589 1451 3654 Thesauro

399 3691 568 3779 predictis
609 3690 795 3756 Beronibus
831 3689 1134 3778 praesentaverint,³
1156 3693 1213 3778 qui
1243 3698 1450 3758 monumenta

399 3815 513 3861 eorum
534 3793 732 3859 nominatim
754 3793 796 3860 de
815 3795 1004 3860 omnimoda
1016 3794 1177 3861 fidelitate
1196 3795 1358 3862 inofficiis
1381 3795 1450 3861 suis

399 3895 561 3964 iaciendis
586 3895 811 3974 admittentes,
842 3896 940 3983 ipsos,
964 3897 1051 3964 sicut
1087 3897 1225 3964 ini'erius
1251 3899 1451 3975 continetur,

400 4000 435 4064 in
457 3999 572 4065 officiis
594 3997 663 4064 suis
684 3998 938 4065 substituerunt

551 4169 556 4174 ·
832 4137 1027 4204 erorua

489 4253 665 4320 Monetarii
729 4289 742 4302 -
789 4291 802 4304 ·
850 4251 1031 4320 Nicholaus
1046 4252 1209 4342 Cupping.

844 4353 944 4442 Hugo
965 4355 1134 4422 Silveoter.

737 4459 740 4466 '
846 4455 1030 4524 willelmus
1051 4458 1154 4526 Prior.

844 4559 1004 4626 Jordinus
1026 4561 1240 4649 Drappariua

432 4697 808 4763 *summissurus
820 4697 902 4748 eosne
930 4665 1258 4766 ,We-Rus.
1298 4755 1301 4760 ,

398 4776 462 4828 anor
481 4775 688 4827 Eboracum
706 4777 771 4826 boen
788 4776 857 4827 filled
875 4776 901 4827 in
980 4777 1160 4831 'Siciniffi

397 4853 832 4908 mutuatantes-hand
928 4884 930 4913 ι
