3548 5754
568 915 670 966 mene
693 915 831 968 suenus
854 919 900 966 nn
923 917 1119 966 soecossro.
1305 901 1368 971 971

319 1111 334 1136 “
357 1103 534 1168 secundum
559 1103 662 1190 legem
689 1108 724 1168 et
750 1103 1024 1168 consuetudinem
1047 1104 1141 1192 regni
1165 1104 1271 1169 nostri
1288 1103 1367 1170 allo-
1385 1105 1543 1157 A·D·1³²¹·

319 1211 335 1238 “
356 1205 422 1270 cari
447 1205 577 1282 debent,
597 1206 640 1271 ad
662 1205 869 1271 Scaccarium
895 1213 1046 1271 nostrum
1068 1207 1201 1272 allocari
1225 1205 1367 1274 faciatis,

319 1313 335 1339 “
356 1311 390 1372 et
415 1305 642 1374 allocutionem
667 1307 744 1372 inde
772 1308 836 1372 sibi
854 1307 977 1373 factem
1000 1306 1149 1373 homines
1165 1313 1200 1373 et
1214 1312 1366 1375 tenentes

316 1415 334 1442 “
354 1430 437 1486 suos,
452 1410 511 1495 qui
537 1410 643 1474 eidem
669 1409 793 1476 Oomiti
821 1432 878 1493 per
901 1411 1111 1476 allocutiones
1127 1411 1202 1475 illas
1218 1416 1298 1474 eunt
1312 1431 1365 1475 es·

316 1510 486 1598 “signati
513 1533 628 1578 versus
654 1535 714 1578 nos
744 1513 917 1577 exonerari
941 1511 1070 1578 faciatis
1098 1513 1200 1598 juxta
1223 1513 1364 1590 formam

316 1613 573 1679 “ordinationis
599 1615 772 1700 praedictae.
831 1614 927 1680 Teste
955 1637 1007 1680 me
1034 1615 1115 1701 ipso,
1142 1615 1232 1701 apud
1255 1615 1363 1681 West-

316 1723 331 1748 ‘⁶
355 1716 601 1794 monasterium,
626 1717 696 1801 xvij
725 1717 778 1782 die
809 1717 990 1794 Februarii,
1014 1739 1103 1782 anno
1134 1717 1228 1802 regni
1258 1718 1364 1782 nostri

316 1818 607 1903 “quartodecimo
818 1819 880 1884 Per
895 1820 1090 1905 petitionem
1107 1819 1147 1884 de
1163 1819 1327 1886 oonsilio.”
1458 1897 1460 1904 Α

359 1943 402 2009 Et
424 1944 540 2010 habito
563 1949 708 2022 tractatu
728 1967 826 2032 super
842 1947 955 2012 eodem
983 1945 1150 2022 mandato,
1166 1969 1207 2010 ne
1223 1944 1364 2032 populus

315 2045 416 2132 regni,
446 2067 521 2112 oum
550 2068 609 2133 per
635 2047 875 2114 districtionem
901 2048 1063 2114 Soaccarii
1091 2047 1228 2113 solverit
1252 2047 1365 2113 debite

313 2148 355 2212 ab
370 2169 408 2212 eo
423 2154 541 2214 exacte
556 2172 614 2236 per
629 2150 927 2227 summonitionem,
944 2160 1013 2228 etc,
1030 2151 1149 2216 iterato
1165 2171 1225 2237 pro
1241 2149 1364 2214 eisdem

313 2253 433 2320 debitis
456 2255 618 2342 fatigetur
640 2257 805 2336 indebite;
828 2263 862 2323 et
885 2279 926 2322 ne
949 2279 1008 2343 per·
1033 2256 1185 2322 fraudem
1201 2256 1255 2320 vel
1278 2255 1364 2339 inju-

312 2355 395 2421 riam
422 2357 662 2434 vicecomitum,
692 2359 746 2423 vel
775 2358 908 2423 aliunde
938 2359 1001 2423 sub
1032 2356 1137 2423 colore
1169 2356 1363 2422 libertatum

311 2459 524 2544 praelatonrm
547 2466 582 2526 et
600 2471 801 2547 magnetum,
817 2462 937 2547 alique,
954 2483 1026 2546 quae
1048 2461 1173 2526 virtute
1197 2465 1363 2542 cartarum

312 2561 489 2626 eorundem
520 2562 732 2648 prelatorum
763 2570 797 2628 et
822 2569 1015 2648 magnatum
1047 2567 1107 2627 eut
1129 2563 1269 2627 aliorum
1299 2563 1364 2628 rite

311 2663 480 2730 allocanda
501 2687 566 2731 non
589 2665 722 2743 fuerint,
738 2667 921 2732 allocentur
942 2687 1000 2731 seu
1024 2666 1266 2752 praeteriuntur,
1282 2665 1364 2751 quin

311 2769 337 2833 si
365 2769 522 2834 levabilie
551 2769 620 2834 sint
650 2770 692 2834 ad
723 2790 805 2854 opus
837 2769 962 2834 domini
992 2767 1101 2854 Regis,
1125 2767 1237 2832 debito
1268 2767 1365 2832 modo

310 2869 484 2936 leventur:
515 2892 552 2936 ac
584 2871 685 2936 etiam
717 2871 760 2936 ad
782 2870 957 2936 vitandum
987 2868 1197 2954 dispendium
1229 2890 1365 2954 occupa-

313 2973 414 3037 tionis
437 2973 593 3058 temporis
620 2978 655 3038 et
687 2971 892 3058 prolixitatis
927 2973 1099 3057 scriptura
1130 2971 1216 3036 circa
1246 2971 1364 3037 alloca-

313 3075 419 3140 tiones
443 3076 480 3139 in
502 3074 564 3140 hae
594 3080 698 3161 parte,
725 3097 799 3140 cum
822 3075 1062 3160 multoplures
1092 3074 1161 3139 sint
1191 3073 1365 3140 libertates

312 3174 502 3261 hujusmodi
533 3177 699 3243 modernis
723 3177 928 3263 temporibus
955 3198 1054 3262 quam
1090 3177 1258 3253 hactenus,
1284 3181 1366 3258 etc.;

313 3287 346 3340 et
370 3273 477 3361 major
491 3277 711 3342 numerositas
734 3278 937 3342 minutorum
959 3276 1147 3341 debitorum
1171 3282 1364 3342 exactorum

312 3397 371 3462 per
393 3376 540 3443 diversas
564 3383 738 3458 extractas,
754 3400 894 3464 querum
918 3399 1076 3442 numerus
1100 3376 1197 3442 solito
1220 3377 1365 3444 multum

312 3479 435 3567 major:
473 3480 715 3546 Concordatum
747 3489 797 3545 est
828 3481 916 3566 quod
949 3501 1048 3565 super
1078 3485 1246 3565 computos
1277 3481 1364 3545 vice·

312 3582 471 3650 oomitnm
495 3585 713 3650 comitatuum
735 3584 771 3648 in
795 3585 916 3669 quibus
940 3580 1066 3647 fuerint
1089 3581 1261 3646 libertates
1285 3582 1364 3648 ello-

313 3687 434 3763 candee,
460 3691 519 3752 etc
550 3685 723 3752 libertates
754 3686 833 3772 ipsae
865 3689 965 3770 prout
990 3683 1121 3769 justum
1148 3683 1253 3749 fuerit
1283 3683 1363 3748 ullo-

312 3795 436 3866 oentur,
468 3789 682 3875 subsequenti
719 3789 896 3854 observato
932 3807 1107 3873 prooessu;
1147 3787 1303 3852 videlicet
1313 3812 1365 3851 :-

313 3889 456 3967 Preelati,
478 3896 649 3976 magnates
671 3897 706 3955 et
732 3890 789 3954 alii
813 3895 871 3975 qui
894 3893 1061 3976 praetextu
1091 3893 1259 3953 cartarum
1289 3909 1364 3974 pro-

312 3993 498 4078 genitorum
524 3993 624 4077 Regis
650 3999 685 4058 et
715 3992 824 4078 Regis,
847 3992 992 4056 clamant
1015 3990 1129 4076 alique
1152 3991 1275 4068 debita,
1305 4011 1365 4076 per

312 4095 602 4160 summonitionem
620 4094 780 4160 Scaccarii
797 4098 922 4169 exacta,
937 4093 981 4157 ad
996 4114 1051 4157 eos
1066 4097 1213 4179 spectare
1236 4092 1364 4168 debere,

313 4217 371 4284 per
393 4219 428 4262 se
451 4197 505 4261 vel
521 4219 580 4282 per
603 4218 678 4262 suos
693 4200 888 4271 attornatoe,
905 4195 945 4260 ad
963 4195 1025 4260 hoc
1047 4194 1118 4259 loco
1140 4195 1193 4259 sni
1216 4193 1363 4280 speciali·

313 4303 364 4363 ter
386 4299 571 4386 deputatos,
587 4319 685 4384 super
712 4305 880 4384 compotes
904 4297 1135 4362 vicecomitum
1158 4318 1198 4360 ee
1212 4297 1365 4375 clament,

315 4407 348 4466 et
384 4402 519 4466 nomina
552 4401 748 4478 debitorum,
771 4406 806 4466 et
836 4421 981 4464 summes
1013 4403 1156 4476 exactas,
1186 4405 1221 4464 et
1251 4421 1365 4464 earum

315 4525 437 4581 causae,
467 4505 566 4570 simul
593 4526 668 4570 cum
698 4503 798 4569 titulo
830 4507 1055 4568 extractarum
1085 4501 1156 4566 sive
1186 4503 1366 4568 summoni-

315 4605 422 4685 tionis,
439 4613 539 4694 prout
553 4607 587 4672 in
604 4608 775 4674 exactione
792 4605 947 4671 venerint
961 4604 1003 4669 de
1025 4603 1166 4692 singulis
1181 4604 1222 4670 de
1246 4605 1367 4692 quibus

315 4707 532 4775 clamaverint
555 4731 589 4776 se
613 4710 733 4776 debere
759 4708 881 4773 habere
905 4705 1143 4783 allocationem,
1166 4707 1308 4772 liberent
1331 4708 1368 4772 in

316 4813 487 4900 scriptura,
498 4812 533 4878 in
548 4814 740 4880 membrana
753 4809 916 4879 conformi
930 4809 1050 4876 rotulis
1061 4808 1101 4874 M
1100 4809 1368 4876 euwrundomuu
