3598 5752
587 853 690 904 amun
714 855 852 906 nunnus
876 857 922 906 nn
946 857 1140 908 scacosaro.
1312 843 1396 906 1051

348 1045 446 1125 prout
469 1041 625 1127 expedire
648 1043 829 1110 viderimus
852 1049 886 1110 et
906 1045 1028 1123 dccerc,
1050 1047 1168 1112 vestris
1192 1047 1398 1134 indigeamus
1411 1049 1485 1104 Au).
1499 1054 1573 1106 18⁰1·

347 1144 555 1210 succursibus
568 1150 602 1212 et
617 1147 895 1214 subventionibus
903 1170 1066 1236 egeamus,
1078 1149 1239 1215 decimam
1249 1151 1397 1214 omniurn

346 1247 638 1314 ecclesiasticorum
661 1250 852 1316 reddituum
869 1258 903 1316 et
918 1257 1140 1337 proventuum
1157 1252 1193 1315 in
1209 1256 1281 1317 toto
1295 1273 1398 1340 regno

344 1351 485 1436 Asrgliaa
500 1373 560 1438 per
581 1356 650 1418 tres
673 1374 787 1430 annos,
803 1354 1002 1419 auctoritate
1019 1355 1223 1440 presentium
1239 1355 1397 1420 duximus

345 1453 585 1539 imponendam.
631 1456 895 1522 Universitatem
933 1457 1046 1542 itaque
1086 1463 1231 1522 vestram
1269 1462 1396 1524 attente

345 1575 525 1632 monemus,
541 1557 717 1624 affectuose
733 1580 888 1646 rogamus
911 1562 946 1624 et
970 1559 1179 1626 obsecramus
1202 1561 1238 1625 in
1253 1561 1397 1626 Domino

343 1658 425 1725 Jesu
442 1659 586 1738 Christo,
601 1662 797 1728 mandantes
813 1661 907 1728 vobis
929 1661 1164 1729 nichilominus
1180 1686 1240 1751 per
1255 1664 1396 1750 Aposto-

343 1762 407 1828 lica
436 1765 560 1851 scripta
590 1771 626 1830 et
654 1766 691 1830 in
717 1766 908 1830 remissione
933 1767 1141 1852 pacominum
1173 1767 1396 1854 injungentes,

343 1867 501 1951 quatinus
534 1869 745 1935 attendentes
775 1870 873 1955 quod,
907 1869 986 1935 licet
1010 1871 1277 1957 compatiendum
1301 1871 1396 1936 vobis

333 1971 474 2048 existat,
491 1993 613 2058 nosque
636 1974 752 2037 advos
775 1973 997 2058 producamur
1015 1975 1248 2061 compassionis
1264 1974 1395 2052 affectu,

342 2093 440 2158 super
476 2074 599 2140 nostris
637 2075 789 2140 omnibus
819 2075 1070 2161 gravaminibus
1100 2082 1135 2142 ct
1169 2076 1329 2163 pressuris
1360 2081 1396 2141 et

344 2173 513 2262 [libenter]
540 2175 583 2241 ad
610 2176 846 2242 revelationem
875 2183 1024 2242 nostram
1050 2184 1213 2263 oportuna
1240 2177 1393 2262 [medioa-

344 2277 447 2362 mina]
462 2279 700 2365 praeberemus3
723 2279 801 2365 quia
816 2285 928 2344 tamen
944 2280 1119 2366 praelibata
1140 2285 1244 2346 mater
1260 2281 1395 2346 ecclesia

343 2379 467 2446 mederi
482 2382 636 2468 nequiret
650 2382 773 2469 absque
790 2383 1013 2448 membrorum
1029 2404 1164 2448 suorum
1178 2404 1283 2458 onere,
1295 2405 1395 2470 super

342 2480 406 2548 biis
430 2483 473 2548 ed
496 2487 760 2552 subveniendum
785 2484 881 2550 nobis
905 2491 939 2550 et
965 2485 1071 2550 eidem
1088 2485 1230 2550 ecclesiae
1255 2487 1394 2571 promtis

343 2585 508 2673 obsequiis
532 2589 758 2674 ex[s]urgatis,
774 2593 808 2653 ct
831 2610 914 2654 onus
936 2587 1196 2654 subventionum
1220 2589 1308 2674 quod
1331 2589 1391 2653 im·

341 2691 580 2775 presentiarum
611 2692 706 2756 vobis
746 2693 946 2777 imponimus
985 2692 1021 2755 in
1060 2693 1230 2776 patientias
1266 2692 1392 2758 virtute

342 2797 510 2876 portantes
526 2799 561 2858 ct
576 2794 822 2881 compatientes,
837 2794 880 2859 ab
901 2793 1030 2859 intimis
1049 2795 1170 2858 nostris
1196 2799 1231 2858 et
1244 2793 1392 2880 praefatae

341 2896 457 2960 matris
480 2896 622 2962 ecclesias
637 2897 814 2974 laboribus,
831 2896 971 2982 injuriis,
993 2897 1149 2961 oneribus
1172 2905 1206 2961 et
1222 2898 1392 2983 pressuris,

341 2998 383 3063 ob
403 2999 551 3065 divinam
578 3005 613 3065 et
639 3000 742 3086 ipsius
767 2999 911 3065 ccclesias
935 3021 973 3064 ac
997 3005 1143 3064 nostram
1161 3000 1391 3078 reverentiam,

340 3111 529 3169 nostrorum
550 3103 698 3169 omnium
721 3102 1013 3169 ecclesiasticorum
1035 3102 1230 3184 *reddituum
1258 3108 1293 3168 et
1316 3125 1391 3190 pro-

341 3205 650 3292 ventuurnpraefati
664 3206 758 3294 regni
774 3205 935 3271 decimam
951 3226 1009 3291 per
1024 3204 1213 3290 hujusmodi
1224 3206 1392 3271 trcnnium

340 3307 519 3374 liberaliter
534 3313 569 3374 et
588 3309 717 3396 integre
733 3307 915 3374 venerabili
930 3307 1027 3373 fratri
1054 3312 1166 3372 nostro
1192 3308 1342 3394 episcopo
1358 3313 1393 3374 et

341 3410 461 3478 dilecto
472 3411 541 3476 filio
550 3412 709 3498 magistro
720 3411 964 3477 Bartholomaso
979 3412 1019 3475 de
1032 3410 1220 3488 Ferentino,
1236 3410 1391 3476 canonico

340 3503 570 3592 Londonssnsi,
580 3512 701 3599 quibus
717 3514 873 3579 duximus
883 3513 1109 3579 collectionem
1125 3513 1230 3599 ipsius
1241 3513 1391 3597 dec[imre

339 3615 407 3703 et¹]
424 3617 507 3682 alias
529 3623 659 3682 nostras
674 3616 736 3682 sub
758 3622 848 3682 certa
863 3616 968 3682 forma
982 3616 1112 3680 litteras
1129 3616 1390 3692 committendas,

339 3723 372 3783 ct
395 3719 470 3784 aliis
485 3741 567 3805 quos
593 3719 657 3806 ipsi
682 3718 725 3782 ed
753 3718 815 3784 hoc
832 3718 1039 3805 deputandos
1062 3718 1231 3794 duxerint,
1253 3718 1290 3781 in
1306 3739 1389 3803 prar-

340 3819 492 3909 [figcndis
503 3822 547 3886 ab
557 3821 582 3908 1]
594 3821 674 3909 ipsis
686 3821 915 3886 collectoribus
925 3820 1084 3898 terminis,
1097 3820 1302 3906 persolvatis,
1314 3842 1389 3885 cum

337 3922 404 3989 illis
419 3924 669 4009 exceptionibus
685 3930 720 3989 et
735 3923 1015 3988 moderationibus
1032 3945 1114 4009 quas
1130 3923 1165 3986 in
1182 3922 1257 3987 aliis
1267 3924 1389 3988 nostris

339 4024 756 4113 [litterisex¹]primemus;
776 4048 843 4092 non
853 4025 1063 4090 obstantibus
1074 4025 1277 4111 quibuslibet
1286 4025 1390 4112 privi-

337 4129 439 4216 legiis,
455 4128 682 4216 indulgentiis,
700 4129 749 4196 vel
779 4129 899 4216 gratiis
923 4128 1019 4194 vobis
1046 4129 1100 4194 vel
1124 4127 1224 4194 alicui
1248 4150 1307 4194 seu
1329 4128 1389 4194 ali-

337 4232 457 4319 quibus
481 4239 638 4310 vestrum,
661 4237 721 4299 aut
739 4231 961 4319 dignitatibus
985 4231 1039 4297 vel
1062 4230 1233 4296 ordinibus
1260 4232 1390 4311 vestris

338 4342 371 4400 et
386 4335 572 4423 specialiter
588 4333 808 4412 Cisterciensi,
828 4333 1048 4410 Cluniacensi,
1071 4334 1389 4413 Prasmonstratensi‚

338 4434 552 4520 Cartusicnsi,
591 4437 893 4515 Grandimcntcnsi,
923 4437 977 4502 vel
1008 4437 1128 4503 vestris
1159 4437 1388 4524 dignitatibus,

336 4539 424 4618 locis,
446 4547 506 4606 aut
533 4541 682 4628 personis
705 4539 938 4628 singularibus,
962 4539 1025 4604 sub
1052 4560 1259 4630 quacumque
1283 4542 1388 4608 forma

767 4793 775 4824 ¹
788 4791 903 4859 Illegible
916 4791 942 4842 in
953 4791 1007 4842 MS.
