3548 5754
416 884 481 949 938
661 895 764 946 mnne
787 894 925 946 nosnos
948 895 995 944 nn
1018 893 1218 946 sosoofflo.

416 1074 547 1141 articles
572 1073 654 1138 fsitz
676 1071 733 1138 len
758 1069 860 1158 xvjme
883 1069 1103 1136 severslmont
1128 1068 1168 1134 de
1196 1067 1356 1136 ohesoune
1371 1069 1468 1136 ohose

418 1175 583 1242 avandioe.
630 1174 675 1240 Et
691 1178 741 1241 est
762 1173 879 1240 eoorde
903 1195 924 1238 e
950 1193 1017 1249 ore,
1031 1193 1071 1258 qe
1095 1193 1139 1238 ou
1164 1171 1217 1238 dit
1243 1171 1356 1237 senche
1380 1169 1472 1248 seire,

420 1279 528 1344 soient
557 1278 717 1344 oerneines
749 1297 903 1362 petsones
933 1276 1097 1364 assignees
1127 1295 1189 1361 per
1219 1273 1397 1340 discretion
1428 1273 1473 1338 du

421 1380 587 1446 Tresorier
608 1386 643 1446 et
669 1378 727 1444 des
748 1379 874 1443 Barons
898 1399 919 1442 e
941 1377 988 1442 les
1010 1383 1162 1462 eustsges
1187 1375 1218 1440 le
1247 1375 1308 1442 Roi
1336 1397 1377 1441 en
1402 1375 1475 1442 eide

422 1483 479 1548 des
506 1483 796 1548 Remembrenoers
820 1485 855 1546 et
886 1481 931 1546 du
963 1479 1108 1556 Grosser,
1131 1501 1151 1542 e
1174 1477 1315 1544 chesoun
1342 1477 1383 1544 de
1410 1499 1475 1544 eux

422 1584 532 1650 solone
562 1605 602 1669 qe
633 1584 664 1649 le
697 1583 808 1648 serohe
844 1605 878 1648 se
909 1582 1031 1647 devera
1061 1580 1145 1645 feire
1176 1579 1233 1644 des
1255 1579 1368 1646 choses
1400 1601 1473 1644 oon-

423 1692 539 1752 benues
572 1707 612 1749 en
645 1685 753 1750 roules
792 1687 827 1748 et
858 1705 897 1750 on
933 1683 1192 1748 remombrenoes
1225 1703 1265 1768 qe
1297 1703 1361 1747 eux
1394 1687 1477 1748 ount

424 1797 457 1854 et
497 1791 636 1853 everont
674 1809 716 1852 en
746 1786 866 1872 gerde3
896 1790 930 1850 et
969 1784 1016 1850 les
1053 1783 1343 1850 Remembrenoers
1374 1789 1408 1849 et
1445 1784 1476 1848 le

425 1889 562 1956 Grosser
591 1887 816 1975 peniblement
842 1885 1009 1952 servoienb
1033 1907 1074 1971 qe
1098 1907 1183 1951 oeux
1209 1885 1243 1970 qi
1269 1885 1317 1950 les
1342 1889 1473 1951 serront

426 1992 523 2056 issint
538 1991 686 2076 assignez
702 2012 743 2055 en
765 1989 846 2066 eide,
861 1988 971 2054 favent
995 1987 1073 2052 bien
1098 1993 1132 2052 et
1148 1987 1419 2053 ooveneblement
1443 1993 1478 2054 et

425 2116 446 2159 o
477 2093 542 2158 bon
575 2091 702 2178 exploit
728 2113 784 2158 ooo
815 2114 855 2178 qe
883 2113 949 2156 eux
975 2089 1140 2155 deveront
1164 2089 1258 2167 faire,
1284 2095 1319 2155 eb
1344 2111 1379 2155 se
1405 2090 1478 2156 fece

426 2194 556 2260 seroher
584 2215 645 2280 por
676 2192 783 2258 roules
810 2197 844 2258 et
867 2193 1138 2268 remembmnees,
1169 2191 1270 2257 briefs
1301 2196 1336 2258 et
1366 2192 1476 2258 teilles

427 2296 618 2362 demorentz
633 2317 675 2360 en
690 2293 881 2380 lEsoheqier
895 2292 1099 2379 pleinement
1113 2298 1147 2358 et
1166 2293 1393 2379 peniblement
1416 2313 1479 2380 per

427 2398 568 2464 ohesoun
584 2395 692 2462 offioer
706 2397 747 2462 de
762 2395 796 2460 la
811 2395 902 2483 ploce
913 2417 954 2460 en
969 2397 1003 2482 qi
1018 2395 1119 2484 garde
1135 2396 1243 2460 roules
1255 2396 1313 2461 des
1323 2401 1478 2462 eoountes

428 2504 463 2566 et
478 2499 535 2564 des
551 2499 659 2565 deseos
679 2498 710 2564 le
734 2498 808 2574 Roi,
824 2497 933 2564 teilles
954 2498 1012 2564 des
1036 2498 1234 2584 paiemenez,
1249 2498 1349 2564 briefs
1374 2498 1479 2564 ellon-

427 2601 528 2679 nbles,
543 2606 643 2666 sount
665 2623 685 2664 s
703 2599 913 2687 desohergier
935 2605 1092 2666 aeountes
1107 2607 1142 2667 et
1166 2601 1275 2668 dentes
1292 2601 1326 2688 qi
1342 2607 1479 2667 content

428 2725 469 2769 en
484 2703 646 2768 demnnde
670 2702 838 2790 illoeques,
859 2703 886 2768 si
913 2711 1006 2768 trove
1032 2708 1119 2769 estro
1143 2708 1221 2790 poet
1244 2725 1305 2790 per
1328 2704 1407 2791 quoi
1429 2703 1478 2769 les

428 2805 632 2895 desohnrger,
664 2829 726 2893 per
757 2811 913 2872 eoountes
944 2811 1048 2872 eveno
1079 2805 1214 2882 rendae,
1238 2827 1282 2871 ou
1313 2827 1354 2871 en
1384 2810 1479 2872 outre

427 2930 561 2974 monere
583 2907 693 2974 selono
717 2907 807 2974 droit
828 2908 1002 2974 nlloueble.
1049 2907 1095 2974 Es
1118 2912 1206 2974 ceste
1230 2909 1327 2975 ohose
1352 2908 1479 2976 faselo

428 3013 533 3078 Court
549 3010 633 3076 seire
649 3011 729 3077 suxi
745 3011 822 3076 bien
839 3011 952 3076 doffioe
969 3031 1059 3078 eome
1075 3034 1096 3076 e
1110 3012 1197 3078 suite
1218 3012 1259 3077 de
1286 3013 1392 3099 perbie
1409 3019 1479 3078 tote

428 3113 475 3178 les
492 3112 595 3178 foietz
620 3135 660 3198 qe
682 3111 731 3177 ele
754 3134 853 3178 verre
872 3134 912 3199 qe
933 3135 954 3178 e
976 3112 1061 3178 faire
1084 3113 1157 3180 fece
1173 3135 1239 3201 pur
1263 3113 1402 3180 honster
1424 3115 1471 3179 les

428 3215 540 3282 choses
564 3215 660 3280 nient
675 3215 766 3292 dues,
781 3237 822 3301 qe
847 3237 907 3302 par
923 3214 1058 3281 defeute
1083 3215 1125 3281 de
1140 3215 1200 3280 tiel
1211 3216 1357 3281 serohier
1372 3222 1406 3282 et
1429 3216 1469 3281 de

428 3316 597 3382 nllouenoe
612 3316 707 3380 nient
722 3316 806 3382 faite
821 3320 906 3382 ount
921 3337 1018 3383 corun
1041 3321 1075 3382 et
1097 3320 1237 3383 eourenb
1259 3338 1302 3383 en
1319 3317 1479 3382 demendo

428 3440 449 3484 e
463 3438 626 3507 grevenoe
641 3417 683 3482 de
698 3416 860 3504 plusours.

281 3589 296 3621 a
333 3571 377 3622 iii.
474 3570 519 3636 Et
533 3592 568 3636 se
583 3569 714 3635 svisent
730 3567 827 3634 bien¹
843 3569 1008 3634 Tresorier
1022 3575 1057 3634 et
1072 3570 1197 3636 Bemns
1213 3571 1248 3658 qi
1263 3577 1340 3638 sono
1355 3578 1390 3638 et
1414 3595 1481 3639 ser·

429 3685 515 3750 rone,
531 3695 571 3758 qe
588 3671 783 3737 Visoountes
804 3676 838 3736 et
860 3670 987 3736 Beillifs
1002 3671 1042 3736 de
1064 3670 1248 3738 henchises
1270 3681 1480 3761 aoompbentz

430 3777 488 3840 des
504 3775 624 3840 fermes
639 3779 674 3840 et
689 3774 797 3839 dettes
812 3773 843 3839 le
860 3773 925 3838 Roi
941 3774 1049 3839 soient
1063 3775 1140 3840 bien
1156 3781 1190 3841 et
1205 3775 1408 3862 pleinement
1423 3800 1480 3865 ep-

430 3899 526 3965 posez
542 3878 583 3942 de
599 3882 686 3942 totos
701 3899 851 3942 moneres
867 3877 924 3942 des
939 3875 1060 3942 formes
1073 3882 1107 3942 et
1118 3884 1229 3944 autres
1241 3879 1481 3967 dettesqueles

431 4003 472 4067 qe
495 3979 561 4045 eles
584 3979 754 4064 soient,qe
778 4001 844 4044 eux
866 3983 1005 4044 overont
1028 4001 1087 4045 euz
1111 4002 1152 4046 en
1177 4002 1326 4047 somonso
1347 3983 1481 4062 elever,

431 4089 466 4149 et
489 4083 530 4148 de
557 4103 696 4147 mesmes
721 4081 767 4147 les
783 4081 890 4147 detoes
905 4080 1043 4168 charges
1058 4083 1089 4146 el
1105 4090 1222 4149 eoonte
1246 4084 1304 4148 sile
1329 4107 1369 4149 ne
1394 4087 1483 4152 sient

431 4207 496 4272 pur
527 4205 592 4249 eux
623 4185 689 4250 bon
720 4205 854 4270 respons
885 4189 920 4248 et
950 4184 1151 4250 eonvenoble
1180 4207 1247 4272 pur
1283 4188 1361 4272 quoi
1397 4194 1482 4254 estre

431 4310 474 4353 ne
509 4288 652 4354 deiveno.
699 4287 744 4352 Et
770 4293 901 4352 ooment
930 4309 971 4372 qe
1001 4288 1151 4353 mention
1180 4289 1244 4354 soit
1277 4288 1358 4355 faite
1390 4301 1483 4358 entre

432 4390 480 4454 les
509 4389 640 4454 articles
669 4387 753 4454 faite
783 4395 888 4454 terme
918 4389 959 4454 de
990 4389 1023 4456 le
1054 4389 1183 4455 Trinite
1217 4389 1273 4455 len
1304 4391 1404 4476 xvjme
1437 4394 1483 4460 du

749 4576 822 4628 ¹bim
833 4577 855 4628 is
866 4577 1043 4632 interlinented
1054 4579 1081 4631 in
1095 4581 1152 4632 MS.
