3598 5752
407 882 494 945 1018
665 897 766 946 smus
789 895 927 946 suenus
943 895 990 944 nu
1014 894 1211 944 scsccniuo.

236 1100 302 1148 nu.
316 1103 389 1150 uss.
407 1083 564 1250 ppaedicto
579 1082 712 1148 domino
728 1081 811 1251 Ipegi
835 1081 989 1250 iupisnps
1004 1086 1222 1250 pppequetlpor
1238 1081 1328 1249 milite
1344 1080 1437 1146 libris
1437 1133 1459 1249 (ἰ

407 1207 424 1250 e
466 1207 512 1250 s1c
533 1207 598 1250 sem
625 1207 660 1249 er
680 1206 740 1250 con
758 1206 873 1251 mucul
908 1204 1012 1250 voun
1086 1205 1118 1248 m
1142 1207 1154 1247 1
1181 1205 1254 1248 am:
1323 1206 1344 1250 a
1393 1205 1436 1250 uo

407 1309 506 1353 cause
521 1208 624 1352 illiusp
622 1288 806 1354 voluntatis
821 1309 890 1353 suae
905 1285 1114 1374 perficiendae
1124 1287 1269 1374 arripuit
1284 1287 1349 1352 iter
1364 1206 1459 1352 disum

408 1413 522 1456 versus
539 1391 753 1457 Centuedsm
769 1414 828 1477 per
848 1391 1058 1467 Londonism,
1073 1390 1131 1454 ubi
1148 1390 1220 1454 Rex
1237 1395 1317 1457 tunc
1336 1389 1410 1466 fuit,
1426 1395 1461 1456 et

408 1516 507 1580 super
530 1494 592 1559 hoc
615 1494 725 1559 locuta
752 1494 821 1559 fuit
845 1515 919 1559 cum
946 1493 1056 1582 Rege;
1079 1499 1114 1558 et
1139 1493 1211 1558 Rex
1233 1491 1261 1558 ei
1290 1492 1461 1578 respondit

408 1597 495 1680 quod
519 1596 601 1660 setis
627 1598 824 1682 tempestive
850 1597 912 1662 hoc
939 1597 1046 1661 fucere
1071 1600 1182 1682 posset
1207 1596 1242 1659 in
1267 1595 1377 1661 reditu
1401 1617 1460 1660 suo

409 1698 448 1762 dc
459 1697 649 1764 Cantusriu
696 1699 740 1762 Et
754 1703 878 1784 postes,
889 1697 1022 1784 qunndo
1032 1699 1103 1785 ipss
1113 1698 1212 1763 rediit
1228 1698 1268 1763 de
1279 1697 1461 1764 Cantusrin

408 1804 442 1864 et
465 1801 532 1864 fuit
548 1801 637 1886 apud
654 1799 863 1878 Stokewelle,
873 1800 927 1864 die
943 1799 1046 1864 Lunae
1062 1800 1228 1886 praedicte,
1243 1799 1355 1864 omnis
1378 1821 1460 1886 prse-

409 1902 498 1967 dicte
523 1925 596 1988 quae
627 1903 732 1968 frater
758 1902 942 1967 Willelmus
969 1902 1064 1978 dixit,
1092 1909 1127 1966 et
1152 1902 1251 1967 modo
1275 1923 1341 1987 quo
1366 1902 1461 1977 dixit,

408 2005 478 2090 ipso
520 2011 554 2070 et
594 2004 669 2069 aliis
718 2003 965 2090 praenominatis
1002 2003 1228 2090 praesentibus
1271 2004 1460 2081 scientibus,

408 2106 600 2172 videntibus
623 2113 658 2171 et
680 2106 902 2182 audientibus,
916 2105 1008 2171 fecte
1030 2106 1187 2172 fuerunt:
1210 2111 1244 2172 et
1266 2107 1354 2193 quod
1379 2129 1459 2192 prns-

408 2207 497 2272 dicts
521 2207 697 2273 Comitissa
727 2209 822 2273 bonus
853 2209 973 2273 mentis
1004 2214 1039 2273 et
1069 2229 1158 2273 ssnae
1191 2209 1354 2274 memoris
1385 2209 1458 2276 fuit

408 2310 499 2374 Dicit
519 2311 631 2390 ‚etism
663 2311 750 2396 quod
781 2311 912 2374 audivit
942 2311 1064 2376 dictum
1099 2309 1310 2377 Oouiitisssm
1341 2313 1461 2398 saepius

408 2411 444 2474 in
460 2413 532 2476 vite
541 2435 602 2478 sus
614 2413 777 2478 dicentem
787 2412 874 2498 quod
888 2435 926 2476 eo
938 2412 1097 2476 libentius
1107 2412 1259 2478 redderet
1270 2413 1459 2500 predictam

410 2515 558 2580 Insulam
591 2519 625 2580 et
657 2516 805 2580 maneria
837 2515 971 2580 domino
997 2515 1081 2602 Regi
1112 2515 1167 2580 vel
1200 2517 1258 2581 ulii
1290 2518 1460 2596 venderet,

408 2639 468 2703 pro
501 2641 538 2682 eo
564 2618 652 2703 quod
678 2619 823 2682 heoredes
849 2619 899 2681 sui
931 2619 980 2682 its
1010 2619 1128 2684 remoti
1159 2641 1180 2682 s
1210 2621 1372 2708 sunguine
1401 2643 1461 2687 suo

408 2720 556 2797 fuerunt,
571 2719 658 2806 quod
681 2721 897 2807 propinquior
920 2719 1023 2784 hesrcs
1046 2721 1117 2805 ejus
1140 2722 1246 2808 ipsam
1270 2723 1381 2810 potuit
1406 2725 1460 2790 de·

408 2843 563 2906 sponsare
588 2821 615 2884 si
642 2822 751 2886 vicum
779 2820 880 2885 vellet
904 2820 1034 2898 habere,
1059 2829 1093 2887 et
1117 2824 1207 2908 quod
1238 2831 1373 2912 propter
1399 2825 1460 2892 hoo

408 2923 588 3008 aliquando
604 2926 714 2989 locutu
730 2923 797 2989 fuit
812 2945 886 2988 cum
899 2922 1022 2990 Oomiti
1034 2924 1226 2990 Marescsllo
1236 2949 1335 3014 super
1346 2929 1461 2994 vendi·

409 3026 499 3091 tione
518 3026 748 3111 praedictarum
765 3031 931 3090 ternorum
947 3030 981 3090 ot
996 3025 1146 3091 alierum.

454 3239 620 3305 Waltcrus
667 3239 847 3326 Episcopus
889 3239 1074 3325 praedictus,
1119 3239 1236 3307 Comes
1276 3243 1462 3324 Lincolniae,

410 3343 527 3410 Comes
545 3343 728 3419 Wsrennae,
744 3347 912 3408 testantur
927 3345 1015 3430 quod
1033 3345 1213 3430 Episcopus
1228 3345 1462 3413 Dunolmsnsis

410 3467 519 3512 coram
536 3445 583 3509 eis
599 3445 686 3508 dixit
703 3445 790 3530 quod
808 3445 968 3532 praedicte
983 3452 1076 3512 cents
1091 3445 1183 3512 facts
1206 3447 1273 3514 fuit
1296 3449 1331 3513 in
1354 3449 1462 3516 forms

409 3549 586 3635 proedictn3
609 3552 644 3612 et
659 3548 746 3632 quod
763 3545 906 3612 redditio
930 3549 992 3612 sibi
1016 3549 1149 3614 nominc
1165 3549 1289 3615 domini
1307 3551 1406 3640 Regis
1421 3553 1462 3618 de

409 3650 576 3737 praedictis
593 3649 707 3713 Insula
723 3653 758 3713 et
773 3649 937 3726 maneriis,
953 3671 1025 3715 cum
1050 3651 1270 3736 pertinentiis,
1285 3652 1374 3720 iacta
1397 3655 1462 3721 suit

410 3757 449 3816 ut
465 3751 660 3837 praedictum
677 3754 728 3814 est
753 3756 786 3813 ct
802 3771 843 3813 cx
860 3749 945 3814 bons
961 3750 1134 3818 voluntate
1146 3752 1244 3818 dictae
1259 3753 1462 3838 Comitissoe3

411 3859 444 3919 et
460 3853 548 3939 quod
564 3853 636 3939 ipsu
648 3852 826 3918 Comitissn
837 3852 1005 3918 fuitbonae
1017 3855 1182 3920 memoriae
1192 3860 1323 3922 etsenae
1334 3861 1459 3926 mentis

412 3956 456 4022 Et
472 3956 551 4042 quis
566 3976 586 4020 s
601 3953 798 4040 quibusdam
815 3953 940 4018 dictum
965 3955 1032 4020 fuit
1056 3957 1144 4041 quod
1167 3957 1346 4044 praedictus
1367 3961 1459 4049 Epis-

411 4080 511 4144 copus
539 4056 773 4122 Dunolmcnsis
805 4077 913 4121 coram
944 4058 1198 4145 Archiepiscopo
1229 4059 1461 4130 Cantuaricnsi

409 4160 532 4225 dixisse
556 4158 672 4224 debuit
695 4164 729 4222 et
751 4157 941 4245 cognovisse
965 4160 1167 4225 contrarium
1190 4161 1272 4230 iacti
1302 4166 1462 4251 praedicti,

410 4263 475 4349 ipsi
491 4261 693 4347 quaesierunt
708 4260 750 4324 ab
767 4260 879 4325 codem
896 4260 1047 4348 episcopo
1062 4263 1090 4326 si
1106 4263 1153 4328 sic
1170 4265 1318 4344 dixisset,
1328 4269 1384 4353 qui
1399 4269 1461 4334 hoc

410 4365 544 4429 omnino
559 4363 714 4448 negavit;
738 4385 797 4427 nec
813 4363 878 4428 suit
896 4365 1092 4430 intentionis
1115 4387 1182 4432 suae
1205 4369 1331 4454 aliquid
1354 4371 1460 4436 dicere

410 4489 519 4532 eornm
531 4465 621 4530 dicto
634 4463 886 4550 Archiepiscopo
897 4471 957 4530 sut
966 4465 1040 4530 aliis
1050 4467 1090 4531 de
1100 4469 1267 4554 praedictis
1279 4470 1394 4537 Iusuls
1402 4478 1461 4538 sut

411 4569 584 4647 maneriis3
607 4590 667 4632 nec
683 4567 771 4630 dixit
786 4567 850 4630 nisi
867 4567 907 4631 de
924 4567 999 4632 aliis
1016 4571 1112 4633 terris
1127 4593 1202 4656 quae
1219 4571 1355 4639 suerunt
1377 4597 1458 4662 prse-

410 4671 507 4734 dictae
523 4668 708 4735 Comitissae
724 4675 758 4731 et
774 4667 815 4732 de
831 4666 1024 4732 haereditate
1040 4669 1193 4757 Hugouis
1210 4673 1249 4738 de
1267 4673 1458 4764 Courtensy

408 4781 447 4836 ut
463 4771 504 4838 de
520 4771 616 4835 tetris
632 4769 797 4834 Devoniae.
