3598 5752
796 891 982 941 urrumux.
1330 861 1417 946 10‘73

361 1078 494 1143 domino
511 1077 605 1166 Regi,
630 1099 698 1144 una
723 1099 799 1145 cum
818 1077 880 1165 xiij
903 1077 1092 1156 aurifabris,
1114 1075 1231 1165 jurati,
1252 1075 1419 1162 videlicet,

361 1180 487 1246 Thoma
506 1181 547 1246 de
563 1181 692 1259 Stauss,
708 1181 850 1248 Ricardo
869 1181 1111 1260 Bonaventure,
1130 1180 1275 1247 Roberto
1298 1179 1418 1245 Pente-

363 1288 458 1360 coste,
477 1283 721 1350 Bartholomaeo
747 1281 848 1372 Ilger,
879 1283 1020 1350 Ricardo
1050 1281 1144 1362 Abel,
1168 1282 1323 1348 Johanne
1353 1282 1421 1359 Fiz,

364 1386 505 1452 Ricardo
537 1385 568 1452 le
600 1386 768 1465 Bacheler,
801 1386 984 1474 Reginaldo
1016 1387 1048 1452 le
1080 1385 1175 1464 Noir,
1215 1384 1342 1450 Thema
1381 1383 1422 1449 de

365 1487 568 1568 Wimbume,
612 1489 721 1554 Adam
763 1489 804 1555 de
846 1489 975 1566 Staues,
1019 1488 1121 1554 Petro
1167 1488 1208 1553 de
1254 1486 1421 1565 Bristolle,

366 1595 491 1661 Thoma
524 1595 710 1661 Rosemude
744 1600 779 1661 et
815 1596 916 1662 Petro
953 1595 994 1660 de
1038 1594 1228 1674 Staudone3
1267 1595 1304 1658 in
1339 1613 1422 1681 prta-

366 1698 472 1762 sentia
495 1697 623 1763 domini
649 1698 758 1785 Regia,
784 1696 924 1762 Comitis
946 1696 1124 1762 Cornubise
1152 1695 1269 1760 fratris
1296 1695 1422 1760 domini

366 1799 472 1887 Regis,
526 1799 685 1865 Willelmi
739 1800 779 1865 dc
833 1799 1040 1865 Haverhulle
1093 1798 1241 1885 ejusdem
1295 1797 1424 1863 domini

365 1902 464 1989 Regis
524 1903 746 1981 Thesaurarii,
798 1902 956 1967 Edwardi
1024 1903 1063 1967 de
1118 1901 1423 1978 westmonasterio,

367 2005 531 2071 Willelmo
569 2005 707 2083 Hardel‚
754 2009 835 2071 tuuc
873 2005 1020 2070 custodis
1068 2004 1200 2072 Cambii
1241 2003 1424 2070 Loudoniae

366 2111 400 2172 et
430 2107 632 2185 cantuariae,
656 2106 793 2172 Radulfi
823 2105 865 2171 de
896 2105 970 2193 Ely,
998 2106 1138 2171 Batonis
1168 2105 1210 2170 de
1241 2105 1424 2182 Seaccario,

366 2215 400 2276 et
443 2209 582 2276 aliomm
634 2209 784 2275 fidelium
835 2208 962 2274 domini
1017 2208 1117 2294 Regis
1162 2212 1244 2274 tune
1298 2207 1422 2273 ibidem

366 2311 587 2398 praesentium,
627 2310 751 2376 dictam
793 2309 1085 2387 examinationem,
1132 2331 1232 2395 quam
1281 2309 1424 2374 asssiam

333 2403 335 2406 ⁵
365 2419 497 2492 vocant,
512 2415 548 2478 iu
565 2415 651 2480 hune
669 2413 806 2478 modum
829 2413 989 2490 fecerunt,
1004 2410 1139 2488 scilicet,
1154 2417 1290 2499 sumpta
1312 2433 1422 2478 coram

366 2516 531 2603 praedictis
556 2516 709 2582 omuibus
733 2538 802 2582 una
828 2515 924 2594 libra,
942 2514 1076 2602 pluries,
1099 2535 1195 2580 novas
1220 2521 1363 2579 monetes
1390 2520 1423 2579 et

366 2641 461 2685 novae
473 2619 650 2696 incisionis,
660 2624 694 2685 et
709 2620 745 2684 iu
760 2621 837 2708 igne
852 2619 963 2705 posita
976 2623 1172 2704 purgatura,
1181 2621 1215 2683 et
1230 2616 1424 2682 examinata

366 2725 401 2786 et
415 2725 565 2786 extracta
580 2725 615 2785 et
629 2721 666 2784 in
681 2725 806 2786 statera
820 2721 950 2807 posita;
972 2720 1148 2784 inventum
1168 2722 1221 2784 est
1244 2717 1332 2804 quod
1357 2739 1426 2784 nou

366 2821 540 2888 decidebat
562 2821 603 2887 de
623 2821 710 2886 libra
731 2822 797 2886 nisi
820 2822 887 2907 vjd.
899 2843 907 2903 ;
930 2819 1028 2898 uude,
1044 2820 1225 2886 secundum
1249 2827 1425 2885 consuetu·

367 2923 479 2989 dinem
495 2923 589 3010 regni
604 2923 744 3011 Anglise,
759 2923 846 2988 bona
862 2923 974 2988 iuerat
990 2928 1024 2990 et
1046 2922 1162 3009 legalis
1183 2926 1218 2986 et
1241 2943 1262 2986 a
1284 2919 1427 3007 singulis

368 3025 559 3113 approbata.
584 3023 635 3090 De
645 3025 751 3091 veteri
762 3028 875 3090 autem
887 3029 1031 3101 moneta,
1041 3024 1205 3100 similiter,
1214 3028 1427 3108 sumptauua

368 3127 645 3214 libra,pluries,et
655 3128 754 3193 modo
763 3127 933 3215 praemisso
945 3127 981 3191 in
990 3127 1070 3215 igna
1080 3127 1181 3192 missa
1192 3130 1227 3191 et
1236 3125 1427 3212 ponderata,

368 3229 566 3296 decidebant
577 3228 618 3293 de
630 3229 717 3294 libra
727 3241 786 3315 per
796 3227 1077 3294 examinationem
1088 3227 1427 3315 pradictamxdena-

368 3331 420 3408 rii,
431 3331 521 3396 uude
534 3329 713 3396 videbatur
728 3330 881 3395 omnibus
893 3329 984 3416 quod
996 3351 1064 3394 non
1079 3334 1151 3395 erat
1162 3328 1251 3394 bona
1264 3350 1372 3415 neque
1382 3329 1428 3394 le-

369 3432 472 3519 galia:
491 3436 526 3498 et
537 3432 611 3498 ideo
622 3432 793 3518 provisum
806 3437 857 3497 est
866 3431 909 3497 ab
920 3431 1074 3496 omnibus
1084 3436 1120 3496 et
1131 3452 1331 3508 concessum,
1340 3429 1429 3517 quod

371 3536 428 3621 qui
443 3535 484 3600 de
500 3541 617 3601 eaetero
632 3534 740 3599 velint
754 3535 796 3599 ad
820 3534 985 3599 cambium
1007 3534 1134 3600 domiui
1159 3533 1259 3620 Regis
1283 3541 1429 3600 veterem

371 3642 538 3703 monetam
569 3635 722 3709 cambire,
751 3635 881 3702 dabunt
913 3657 974 3723 pro
1004 3635 1156 3723 qualibet
1181 3635 1278 3713 libra,
1308 3640 1430 3722 praeter

370 3738 500 3804 firmam
536 3738 663 3804 domini
693 3736 803 3824 Regis,
832 3735 900 3815 κώ,
923 3759 962 3803 co
997 3736 1086 3823 quod
1116 3737 1258 3802 totidem
1302 3736 1430 3801 denarii

372 3841 566 3908 deciderunt
584 3839 626 3905 de
646 3839 732 3905 libra
752 3839 812 3903 illa
836 3844 988 3919 moneta;
1011 3843 1071 3905 aut
1096 3839 1134 3904 in
1153 3837 1312 3904 electione
1339 3837 1430 3903 illius

378 3943 436 4030 qui
456 3941 601 4008 cambire
628 3941 771 4006 voluerit
789 3938 891 4026 hujus
917 3949 1081 4005 monetam
1110 3939 1165 4017 sit,
1187 3938 1276 4026 quod
1296 3945 1431 4004 moneta

375 4064 510 4132 suaper
525 4043 634 4130 ignem
652 4043 869 4120 exarninetur,
886 4040 938 4107 vel
955 4041 1041 4128 quod
1059 4041 1117 4107 det
1134 4039 1190 4105 xd.
1207 4061 1267 4127 pro
1282 4039 1430 4126 qualibet

373 4145 459 4212 libra
480 4143 722 4210 ultra·firmam
746 4143 946 4229 praedictam,
962 4143 1048 4209 sieut
1070 4142 1267 4229 pradictum
1291 4145 1349 4207 est

419 4247 464 4312 Et
486 4269 530 4312 ne
554 4245 677 4334 futuris
705 4244 911 4333 temporibus
934 4245 1041 4331 possit
1061 4246 1154 4310 fraus
1177 4244 1250 4312 fieri
1269 4243 1310 4310 de
1330 4243 1430 4330 legali

374 4355 507 4415 moneta
532 4349 638 4437 regui,
667 4349 709 4414 de
739 4347 876 4415 oonsilio
911 4345 1143 4434 predictorum
1186 4345 1333 4411 omnium
1368 4368 1430 4434 pro

373 4452 522 4518 utilitate
562 4451 762 4539 respublica,
787 4451 876 4518 facta
908 4448 977 4514 sint
1014 4447 1080 4512 duo
1119 4447 1236 4526 assaia,
1270 4447 1429 4533 pond[us]

373 4555 579 4639 utri[us]que
603 4575 661 4632 xa,
688 4573 830 4639 quorum
857 4571 964 4616 unum
987 4553 1038 4614 est
1060 4547 1102 4614 de
1124 4569 1211 4634 puro
1232 4551 1430 4635 argentost

374 4655 467 4721 aliud
483 4654 525 4719 de
548 4659 685 4742 argento
706 4652 750 4718 ad
773 4653 869 4738 eujus
886 4648 1057 4736 exemplar
1072 4648 1173 4715 debet
1187 4649 1258 4714 fieri
1287 4653 1429 4730 moneta,

374 4775 448 4840 quse
473 4754 540 4820 duo
558 4751 694 4820 aasaia¹
725 4751 869 4838 quodam
893 4749 1020 4836 quanio
1043 4749 1214 4834 impressa,
1228 4749 1338 4836 posita
1360 4749 1430 4816 sint

808 4887 1034 4952 ¹amuainfflt
