3598 5752
594 921 697 971 aman
720 921 861 972 annana
883 921 930 970 nn
953 921 1152 972 scaccario.
1314 905 1399 970 1031

340 1104 560 1171 Parliamento
596 1111 710 1172 nostro
740 1127 803 1194 per
830 1129 891 1172 nos
922 1113 956 1172 et
993 1111 1104 1173 totum
1137 1105 1399 1172 Parliamentum
1418 1123 1485 1174 aa.
1500 1129 1575 1177 1327.

336 1213 486 1273 nostrum
498 1207 585 1274 bona
594 1207 727 1295 etjusta
737 1210 930 1296 adjudicata
941 1215 1000 1286 est,
1013 1214 1047 1274 et
1054 1209 1184 1292 judicia
1193 1231 1312 1274 versus
1323 1209 1398 1274 illos

337 1309 393 1393 qui
410 1309 558 1374 dedicta
574 1310 709 1396 querela
731 1310 869 1376 fuerunt
890 1310 1032 1386 reddita,
1055 1310 1193 1396 penitus
1210 1310 1395 1376 adnullata.

338 1409 415 1488 Nos,
430 1415 471 1476 ut
485 1431 598 1476 omnes
613 1416 648 1477 et
663 1412 786 1498 singuli
803 1413 861 1498 qui
878 1411 919 1479 de
941 1412 1075 1497 querela
1091 1411 1253 1496 pradiota
1267 1410 1396 1476 fuerint

337 1512 423 1579 bona
442 1519 477 1579 et
495 1514 617 1579 natalia
637 1537 707 1592 sua,
724 1522 759 1580 et
784 1517 896 1580 exitus
919 1521 1095 1591 terrenam,
1117 1517 1395 1592 mementorum,

336 1612 537 1692 libertatum,
553 1614 733 1694 feodorum,
748 1616 959 1694 bullivarum,
974 1621 1008 1680 et
1020 1613 1202 1680 officiorum
1218 1614 1394 1700 praedieto-

337 1737 420 1794 rum,
434 1737 473 1782 ao
490 1718 655 1803 arreragia
682 1719 870 1793 eorundem,
886 1717 1019 1782 facilius
1038 1717 1170 1801 assequi
1192 1715 1337 1793 valeant,
1353 1716 1394 1780 da

337 1818 472 1884 oonsilio
491 1824 602 1884 nostro
621 1820 657 1884 in
676 1820 765 1886 dieto
787 1821 1009 1886 Par-lismonte
1030 1823 1144 1884 nostro
1165 1817 1393 1884 ordinavimus

337 1920 425 2006 quod
450 1943 563 1986 omnes
591 1926 625 1987 et
647 1921 771 2009 singuli
796 1923 838 1988 de
861 1921 996 2010 querela
1018 1913 1176 2008 praedicta
1198 1919 1255 2006 qui
1276 1920 1392 1985 brevia

337 2020 458 2088 habere
482 2021 660 2100 voluerint,
694 2023 842 2090 habeant
880 2024 995 2090 brevia
1033 2023 1165 2088 nomine
1200 2027 1315 2088 nostro
1350 2023 1391 2087 de

337 2123 488 2190 iaciendo
509 2125 621 2190 venire
645 2146 757 2191 omnes
781 2126 854 2192 illos
877 2126 934 2211 qui
957 2126 999 2190 de
1021 2123 1212 2210 hujusmodi
1239 2123 1334 2188 bonis
1358 2127 1392 2187 et

337 2225 465 2292 catallis
483 2247 522 2292 aa
540 2226 581 2292 de
601 2227 746 2292 exitibus
767 2232 942 2303 terrarum,
962 2232 1236 2302 tenementorum,
1257 2225 1391 2290 liberta-

337 2333 419 2406 tum,
433 2327 613 2405 feodorum,
627 2329 825 2394 ballivorum
841 2333 876 2395 et
891 2327 1070 2394 officiorum
1093 2327 1335 2414 praedictorum,
1359 2333 1393 2390 et

339 2431 512 2516 arreragiis
546 2431 725 2496 eorundem
759 2431 955 2518 respondere
990 2431 1121 2510 debent,
1157 2451 1265 2495 coram
1298 2429 1393 2494 vobis

339 2531 381 2596 ad
417 2532 623 2598 Seaoearinm
660 2534 865 2620 praedictum,
892 2535 934 2598 ad
970 2538 1096 2598 eertum
1132 2531 1219 2596 diem
1243 2552 1302 2615 per
1333 2553 1391 2594 vos

340 2633 586 2721 praefigendum,
611 2635 653 2700 ad
687 2641 839 2722 compota
871 2657 932 2701 sua
965 2635 1006 2700 de
1040 2639 1111 2699 toto
1146 2640 1292 2718 tempore
1326 2654 1391 2718 quo

340 2737 519 2802 custodiam
534 2737 711 2802 eorundem
725 2736 904 2802 habuerint
919 2758 976 2802 seu
987 2741 1170 2821 receptores
1182 2737 1241 2798 aut
1252 2733 1391 2796 firmarii

339 2837 415 2904 inde
432 2838 566 2916 fuerint,
585 2839 757 2904 recitanda
776 2843 810 2904 et
829 2839 907 2903 inde
926 2839 1072 2903 finaliter
1092 2835 1334 2922 computanda:
1357 2840 1392 2899 et

338 2941 425 3025 quod
447 2961 584 3026 eorpora
605 2941 737 3006 illorum
761 2943 819 3027 qui
841 2941 884 3006 ad
909 2941 1114 3006 Soaeearium
1138 2939 1332 3024 praedictum
1349 2959 1390 3002 ex

338 3042 399 3108 hae
410 3043 673 3110 causavenerint
685 3049 718 3108 et
734 3045 769 3108 in
786 3044 961 3130 arreragiis
977 3043 1108 3107 inventi
1125 3041 1251 3107 luerint
1267 3039 1389 3104 ibidem

337 3151 508 3212 morentur
545 3167 717 3232 quousque
756 3146 796 3210 de
838 3144 1014 3230 arreragiis
1058 3145 1095 3208 in
1139 3143 1258 3229 quibus
1302 3141 1390 3227 ipsos

338 3267 397 3334 per
417 3248 603 3334 hujusmodi
623 3253 775 3335 compota
792 3247 916 3312 ibidem
937 3247 1080 3311 inveniri
1099 3244 1276 3333 contigerit
1295 3244 1390 3308 satis·
1466 3299 1469 3304 Α

338 3347 477 3415 iecerint
503 3354 735 3435 competenter.
782 3349 827 3414 Et
857 3349 931 3415 ideo
955 3349 1048 3414 vobis
1077 3348 1272 3413 mandamus
1300 3345 1389 3430 quod

338 3451 485 3538 querelas
501 3452 648 3516 omnium
665 3458 699 3517 et
714 3450 924 3539 singulorum
944 3451 986 3517 de
1007 3450 1121 3516 eadem
1142 3449 1276 3535 querela
1296 3469 1331 3511 se
1352 3447 1389 3510 in

336 3551 397 3618 hae
411 3557 507 3640 parte
523 3553 679 3639 conqueri
695 3553 880 3619 volentium
903 3553 1056 3631 audiatis,
1076 3556 1110 3617 et
1129 3552 1175 3616 eis
1200 3550 1332 3637 plenam
1355 3554 1389 3614 et

337 3655 473 3720 celerem
485 3655 654 3742 justitiam
669 3655 740 3720 fieri
756 3655 891 3733 faciatis,
903 3655 1005 3741 juxta
1016 3653 1157 3720 formam
1169 3650 1388 3718 ordinationis

337 3757 511 3842 praedictae.
556 3757 652 3822 Teste
664 3779 716 3824 me
732 3757 813 3843 ipse,
824 3758 914 3843 apud
925 3755 1264 3832 westmonasterium,
1280 3753 1387 3839 primo

337 3858 390 3924 die
405 3859 529 3937 Martii,
543 3881 631 3925 anno
646 3859 740 3945 regni
755 3859 860 3924 nostri
876 3857 991 3945 primo

522 3959 584 4025 Per
599 3961 708 4046 ipsum
724 3961 848 4047 Regem
864 3966 899 4025 et
913 3959 1087 4026 consilium
1102 3959 1139 4024 in
1154 3958 1384 4024 Parliamento
