<?xml version="1.0" encoding="UTF-8"?>
<!DOCTYPE html PUBLIC "-//W3C//DTD XHTML 1.0 Transitional//EN"
    "http://www.w3.org/TR/xhtml1/DTD/xhtml1-transitional.dtd">
<html xmlns="http://www.w3.org/1999/xhtml" xml:lang="en" lang="en">
 <head>
  <title>
</title>
<meta http-equiv="Content-Type" content="text/html;charset=utf-8" />
  <meta name='ocr-system' content='tesseract 3.04.00' />
  <meta name='ocr-capabilities' content='ocr_page ocr_carea ocr_par ocr_line ocrx_word'/>
</head>
<body>
  <div class='ocr_page' id='page_1' title='image "./redbookexcheque00hallgoog_0293.png"; bbox 0 0 3548 5754; ppageno 0'>
   <div class='ocr_carea' id='block_1_1' title="bbox 127 1633 257 1683">
    <p class='ocr_par' dir='ltr' id='par_1_1' title="bbox 127 1633 257 1683">
     <span class='ocr_line' id='line_1_1' title="bbox 127 1633 257 1683; baseline 0 0"><span class='ocrx_word' id='word_1_1' title='bbox 127 1633 176 1683; x_wconf 73' lang='lat' dir='ltr'>ro.</span> <span class='ocrx_word' id='word_1_2' title='bbox 191 1635 257 1683; x_wconf 78' lang='lat'>247.</span> 
     </span>
    </p>
   </div>
   <div class='ocr_carea' id='block_1_2' title="bbox 554 921 1349 988">
    <p class='ocr_par' dir='ltr' id='par_1_2' title="bbox 554 921 1349 988">
     <span class='ocr_line' id='line_1_2' title="bbox 554 921 1349 988; baseline -0.008 0"><span class='ocrx_word' id='word_1_3' title='bbox 554 935 656 988; x_wconf 77' lang='lat' dir='ltr'>arnan</span> <span class='ocrx_word' id='word_1_4' title='bbox 679 937 817 986; x_wconf 80' lang='lat' dir='ltr'>suanos</span> <span class='ocrx_word' id='word_1_5' title='bbox 840 937 886 986; x_wconf 85' lang='lat' dir='ltr'>na</span> <span class='ocrx_word' id='word_1_6' title='bbox 910 934 1104 985; x_wconf 77' lang='lat' dir='ltr'>scaoonaro.</span> <span class='ocrx_word' id='word_1_7' title='bbox 1286 921 1349 982; x_wconf 86' lang='lat'>985</span> 
     </span>
    </p>
   </div>
   <div class='ocr_carea' id='block_1_3' title="bbox 290 1119 1351 1415">
    <p class='ocr_par' dir='ltr' id='par_1_3' title="bbox 290 1119 1351 1415">
     <span class='ocr_line' id='line_1_3' title="bbox 290 1119 1351 1204; baseline -0.008 -12"><span class='ocrx_word' id='word_1_8' title='bbox 290 1126 377 1192; x_wconf 89' lang='lat' dir='ltr'>bene</span> <span class='ocrx_word' id='word_1_9' title='bbox 404 1132 555 1191; x_wconf 87' lang='lat' dir='ltr'>servetur</span> <span class='ocrx_word' id='word_1_10' title='bbox 581 1124 621 1190; x_wconf 89' lang='lat' dir='ltr'>de</span> <span class='ocrx_word' id='word_1_11' title='bbox 649 1122 856 1190; x_wconf 71' lang='lat' dir='ltr'><strong>intrantibus</strong></span> <span class='ocrx_word' id='word_1_12' title='bbox 887 1127 921 1188; x_wconf 90' lang='lat' dir='ltr'>et</span> <span class='ocrx_word' id='word_1_13' title='bbox 952 1120 1169 1198; x_wconf 87' lang='lat' dir='ltr'>exeuntibus;</span> <span class='ocrx_word' id='word_1_14' title='bbox 1200 1123 1235 1184; x_wconf 91' lang='lat' dir='ltr'>et</span> <span class='ocrx_word' id='word_1_15' title='bbox 1262 1119 1351 1204; x_wconf 92' lang='lat' dir='ltr'>quod</span> 
     </span>
     <span class='ocr_line' id='line_1_4' title="bbox 290 1223 1351 1315; baseline -0.006 -23"><span class='ocrx_word' id='word_1_16' title='bbox 290 1234 390 1295; x_wconf 88' lang='lat' dir='ltr'>vocet</span> <span class='ocrx_word' id='word_1_17' title='bbox 406 1235 441 1293; x_wconf 89' lang='lat' dir='ltr'>et</span> <span class='ocrx_word' id='word_1_18' title='bbox 455 1233 632 1315; x_wconf 73' lang='lat' dir='ltr'>congreget</span> <span class='ocrx_word' id='word_1_19' title='bbox 647 1246 760 1291; x_wconf 84' lang='lat' dir='ltr'>omnes</span> <span class='ocrx_word' id='word_1_20' title='bbox 782 1227 826 1291; x_wconf 87' lang='lat' dir='ltr'>ad</span> <span class='ocrx_word' id='word_1_21' title='bbox 842 1223 985 1291; x_wconf 87' lang='lat' dir='ltr'>officium</span> <span class='ocrx_word' id='word_1_22' title='bbox 1002 1223 1260 1290; x_wconf 73' lang='lat' dir='ltr'><strong>monetariorum</strong></span> <span class='ocrx_word' id='word_1_23' title='bbox 1276 1244 1351 1308; x_wconf 91' lang='lat' dir='ltr'>per·</span> 
     </span>
     <span class='ocr_line' id='line_1_5' title="bbox 293 1325 930 1415; baseline -0.008 -20"><span class='ocrx_word' id='word_1_24' title='bbox 293 1331 448 1406; x_wconf 81' lang='lat' dir='ltr'>tinentea,</span> <span class='ocrx_word' id='word_1_25' title='bbox 464 1330 550 1395; x_wconf 90' lang='lat' dir='ltr'>sicut</span> <span class='ocrx_word' id='word_1_26' title='bbox 565 1325 670 1392; x_wconf 80' lang='lat' dir='ltr'>fuerit</span> <span class='ocrx_word' id='word_1_27' title='bbox 685 1327 716 1392; x_wconf 89' lang='lat' dir='ltr'>ei</span> <span class='ocrx_word' id='word_1_28' title='bbox 732 1327 930 1415; x_wconf 87' lang='lat' dir='ltr'>injunctum.</span> 
     </span>
    </p>
   </div>
   <div class='ocr_carea' id='block_1_4' title="bbox 677 1633 971 1702">
    <p class='ocr_par' dir='ltr' id='par_1_4' title="bbox 677 1633 971 1702">
     <span class='ocr_line' id='line_1_6' title="bbox 677 1633 971 1702; baseline -0.01 -1"><span class='ocrx_word' id='word_1_29' title='bbox 677 1635 740 1701; x_wconf 78' lang='lat' dir='ltr'>Da</span> <span class='ocrx_word' id='word_1_30' title='bbox 772 1633 971 1702; x_wconf 77' lang='lat' dir='ltr'><strong>MONETA.</strong></span> 
     </span>
    </p>
   </div>
   <div class='ocr_carea' id='block_1_5' title="bbox 295 1769 1353 2886">
    <p class='ocr_par' dir='ltr' id='par_1_5' title="bbox 295 1769 1351 2374">
     <span class='ocr_line' id='line_1_7' title="bbox 343 1769 1351 1862; baseline -0.011 -18"><span class='ocrx_word' id='word_1_31' title='bbox 343 1776 553 1844; x_wconf 81' lang='lat' dir='ltr'>conventum</span> <span class='ocrx_word' id='word_1_32' title='bbox 584 1783 635 1843; x_wconf 90' lang='lat' dir='ltr'>est</span> <span class='ocrx_word' id='word_1_33' title='bbox 664 1797 739 1842; x_wconf 91' lang='lat' dir='ltr'>cum</span> <span class='ocrx_word' id='word_1_34' title='bbox 770 1775 932 1862; x_wconf 87' lang='lat' dir='ltr'>Magistro</span> <span class='ocrx_word' id='word_1_35' title='bbox 964 1773 1129 1838; x_wconf 91' lang='lat' dir='ltr'>Willelmo</span> <span class='ocrx_word' id='word_1_36' title='bbox 1160 1769 1201 1836; x_wconf 90' lang='lat' dir='ltr'>de</span> <span class='ocrx_word' id='word_1_37' title='bbox 1224 1769 1351 1834; x_wconf 88' lang='lat' dir='ltr'>Turne-</span> 
     </span>
     <span class='ocr_line' id='line_1_8' title="bbox 295 1871 1350 1965; baseline -0.012 -19"><span class='ocrx_word' id='word_1_38' title='bbox 295 1880 380 1946; x_wconf 89' lang='lat' dir='ltr'>mire</span> <span class='ocrx_word' id='word_1_39' title='bbox 407 1880 448 1946; x_wconf 86' lang='lat' dir='ltr'>de</span> <span class='ocrx_word' id='word_1_40' title='bbox 469 1879 666 1965; x_wconf 84' lang='lat' dir='ltr'>Marcell[ia]</span> <span class='ocrx_word' id='word_1_41' title='bbox 692 1877 745 1943; x_wconf 89' lang='lat' dir='ltr'>die</span> <span class='ocrx_word' id='word_1_42' title='bbox 772 1877 911 1943; x_wconf 86' lang='lat' dir='ltr'>Veneris</span> <span class='ocrx_word' id='word_1_43' title='bbox 937 1875 1087 1940; x_wconf 85' lang='lat' dir='ltr'>infesto</span> <span class='ocrx_word' id='word_1_44' title='bbox 1116 1871 1350 1957; x_wconf 71' lang='lat' dir='ltr'>conceptionis</span> 
     </span>
     <span class='ocr_line' id='line_1_9' title="bbox 296 1973 1351 2070; baseline -0.012 -22"><span class='ocrx_word' id='word_1_45' title='bbox 296 1984 411 2048; x_wconf 74' lang='lat' dir='ltr'>Beata</span> <span class='ocrx_word' id='word_1_46' title='bbox 437 1981 553 2048; x_wconf 82' lang='lat' dir='ltr'>Mariae</span> <span class='ocrx_word' id='word_1_47' title='bbox 576 2003 664 2047; x_wconf 88' lang='lat' dir='ltr'>anuo</span> <span class='ocrx_word' id='word_1_48' title='bbox 694 1983 788 2070; x_wconf 91' lang='lat' dir='ltr'>regni</span> <span class='ocrx_word' id='word_1_49' title='bbox 820 1981 915 2068; x_wconf 82' lang='lat' dir='ltr'>Regis</span> <span class='ocrx_word' id='word_1_50' title='bbox 946 1976 1133 2062; x_wconf 85' lang='lat' dir='ltr'>E[dwardi]</span> <span class='ocrx_word' id='word_1_51' title='bbox 1164 1979 1292 2050; x_wconf 72' lang='lat' dir='ltr'>octavo</span> <span class='ocrx_word' id='word_1_52' title='bbox 1315 1973 1351 2036; x_wconf 89' lang='lat' dir='ltr'>iu</span> 
     </span>
     <span class='ocr_line' id='line_1_10' title="bbox 297 2075 1350 2170; baseline -0.01 -21"><span class='ocrx_word' id='word_1_53' title='bbox 297 2085 387 2151; x_wconf 87' lang='lat' dir='ltr'>hunc</span> <span class='ocrx_word' id='word_1_54' title='bbox 408 2084 564 2164; x_wconf 82' lang='lat' dir='ltr'>modum3</span> <span class='ocrx_word' id='word_1_55' title='bbox 587 2083 753 2162; x_wconf 88' lang='lat' dir='ltr'>videlicet,</span> <span class='ocrx_word' id='word_1_56' title='bbox 770 2085 858 2170; x_wconf 92' lang='lat' dir='ltr'>quod</span> <span class='ocrx_word' id='word_1_57' title='bbox 882 2083 970 2147; x_wconf 92' lang='lat' dir='ltr'>idem</span> <span class='ocrx_word' id='word_1_58' title='bbox 987 2080 1148 2169; x_wconf 86' lang='lat' dir='ltr'>Magister</span> <span class='ocrx_word' id='word_1_59' title='bbox 1163 2075 1350 2142; x_wconf 85' lang='lat' dir='ltr'>Willelmus</span> 
     </span>
     <span class='ocr_line' id='line_1_11' title="bbox 297 2176 1351 2272; baseline -0.009 -22"><span class='ocrx_word' id='word_1_60' title='bbox 297 2187 364 2252; x_wconf 88' lang='lat' dir='ltr'>erit</span> <span class='ocrx_word' id='word_1_61' title='bbox 385 2185 545 2272; x_wconf 85' lang='lat' dir='ltr'>magister</span> <span class='ocrx_word' id='word_1_62' title='bbox 567 2195 708 2251; x_wconf 87' lang='lat' dir='ltr'>monetae</span> <span class='ocrx_word' id='word_1_63' title='bbox 724 2185 825 2271; x_wconf 88' lang='lat' dir='ltr'>Regis</span> <span class='ocrx_word' id='word_1_64' title='bbox 845 2185 883 2250; x_wconf 91' lang='lat' dir='ltr'>in</span> <span class='ocrx_word' id='word_1_65' title='bbox 898 2183 1032 2270; x_wconf 86' lang='lat' dir='ltr'>Anglia,</span> <span class='ocrx_word' id='word_1_66' title='bbox 1050 2189 1085 2247; x_wconf 91' lang='lat' dir='ltr'>et</span> <span class='ocrx_word' id='word_1_67' title='bbox 1103 2179 1234 2266; x_wconf 90' lang='lat' dir='ltr'>operari</span> <span class='ocrx_word' id='word_1_68' title='bbox 1249 2176 1351 2242; x_wconf 83' lang='lat' dir='ltr'>faciet</span> 
     </span>
     <span class='ocr_line' id='line_1_12' title="bbox 297 2281 1231 2374; baseline -0.009 -23"><span class='ocrx_word' id='word_1_69' title='bbox 297 2291 465 2352; x_wconf 85' lang='lat' dir='ltr'>monetam</span> <span class='ocrx_word' id='word_1_70' title='bbox 481 2287 517 2361; x_wconf 91' lang='lat' dir='ltr'>in</span> <span class='ocrx_word' id='word_1_71' title='bbox 533 2293 676 2374; x_wconf 90' lang='lat' dir='ltr'>quatuor</span> <span class='ocrx_word' id='word_1_72' title='bbox 690 2287 770 2354; x_wconf 89' lang='lat' dir='ltr'>locis</span> <span class='ocrx_word' id='word_1_73' title='bbox 786 2289 996 2374; x_wconf 82' lang='lat' dir='ltr'>adpraesens,</span> <span class='ocrx_word' id='word_1_74' title='bbox 1012 2281 1168 2348; x_wconf 88' lang='lat' dir='ltr'>videlicet</span> <span class='ocrx_word' id='word_1_75' title='bbox 1179 2305 1231 2344; x_wconf 89' lang='lat'>:-</span> 
     </span>
    </p>

    <p class='ocr_par' dir='ltr' id='par_1_6' title="bbox 296 2383 1353 2886">
     <span class='ocr_line' id='line_1_13' title="bbox 342 2383 1353 2478; baseline -0.008 -24"><span class='ocrx_word' id='word_1_76' title='bbox 342 2389 442 2478; x_wconf 86' lang='lat' dir='ltr'><strong>Apud</strong></span> <span class='ocrx_word' id='word_1_77' title='bbox 482 2388 697 2469; x_wconf 88' lang='lat' dir='ltr'>Loudouiam,</span> <span class='ocrx_word' id='word_1_78' title='bbox 721 2390 780 2455; x_wconf 91' lang='lat' dir='ltr'>ubi</span> <span class='ocrx_word' id='word_1_79' title='bbox 818 2389 955 2454; x_wconf 89' lang='lat' dir='ltr'>habebit</span> <span class='ocrx_word' id='word_1_80' title='bbox 988 2392 1040 2453; x_wconf 90' lang='lat' dir='ltr'>tot</span> <span class='ocrx_word' id='word_1_81' title='bbox 1071 2383 1237 2449; x_wconf 81' lang='lat' dir='ltr'>furnesias</span> <span class='ocrx_word' id='word_1_82' title='bbox 1270 2386 1353 2468; x_wconf 92' lang='lat' dir='ltr'>quot</span> 
     </span>
     <span class='ocr_line' id='line_1_14' title="bbox 296 2487 1353 2579; baseline -0.007 -21"><span class='ocrx_word' id='word_1_83' title='bbox 296 2492 420 2558; x_wconf 86' lang='lat' dir='ltr'>habere</span> <span class='ocrx_word' id='word_1_84' title='bbox 435 2493 568 2578; x_wconf 90' lang='lat' dir='ltr'>poterit.</span> <span class='ocrx_word' id='word_1_85' title='bbox 615 2492 715 2579; x_wconf 84' lang='lat' dir='ltr'><strong>Apud</strong></span> <span class='ocrx_word' id='word_1_86' title='bbox 732 2491 958 2568; x_wconf 84' lang='lat' dir='ltr'>Cantuariam,</span> <span class='ocrx_word' id='word_1_87' title='bbox 975 2489 1032 2553; x_wconf 91' lang='lat' dir='ltr'>ubi</span> <span class='ocrx_word' id='word_1_88' title='bbox 1055 2487 1158 2552; x_wconf 87' lang='lat' dir='ltr'>faciet</span> <span class='ocrx_word' id='word_1_89' title='bbox 1173 2487 1301 2572; x_wconf 86' lang='lat' dir='ltr'>operari</span> <span class='ocrx_word' id='word_1_90' title='bbox 1317 2492 1353 2551; x_wconf 89' lang='lat' dir='ltr'>et</span> 
     </span>
     <span class='ocr_line' id='line_1_15' title="bbox 297 2589 1351 2680; baseline -0.006 -21"><span class='ocrx_word' id='word_1_91' title='bbox 297 2594 477 2660; x_wconf 77' lang='lat' dir='ltr'>sustinebit</span> <span class='ocrx_word' id='word_1_92' title='bbox 493 2600 566 2660; x_wconf 84' lang='lat' dir='ltr'>octo</span> <span class='ocrx_word' id='word_1_93' title='bbox 577 2593 750 2672; x_wconf 85' lang='lat' dir='ltr'>furnesias,</span> <span class='ocrx_word' id='word_1_94' title='bbox 760 2616 834 2660; x_wconf 92' lang='lat' dir='ltr'>cum</span> <span class='ocrx_word' id='word_1_95' title='bbox 852 2593 918 2658; x_wconf 86' lang='lat' dir='ltr'>illis</span> <span class='ocrx_word' id='word_1_96' title='bbox 934 2594 1042 2659; x_wconf 85' lang='lat' dir='ltr'>tribus</span> <span class='ocrx_word' id='word_1_97' title='bbox 1052 2615 1127 2680; x_wconf 87' lang='lat' dir='ltr'>quae</span> <span class='ocrx_word' id='word_1_98' title='bbox 1142 2589 1351 2656; x_wconf 80' lang='lat' dir='ltr'>suntArchi-</span> 
     </span>
     <span class='ocr_line' id='line_1_16' title="bbox 298 2689 1351 2784; baseline -0.007 -22"><span class='ocrx_word' id='word_1_99' title='bbox 298 2695 443 2784; x_wconf 88' lang='lat' dir='ltr'>episcopi</span> <span class='ocrx_word' id='word_1_100' title='bbox 458 2697 716 2762; x_wconf 84' lang='lat' dir='ltr'>Cantuariensis.</span> <span class='ocrx_word' id='word_1_101' title='bbox 761 2696 862 2782; x_wconf 77' lang='lat' dir='ltr'>Apud</span> <span class='ocrx_word' id='word_1_102' title='bbox 893 2695 1097 2761; x_wconf 89' lang='lat' dir='ltr'>Bristolliam</span> <span class='ocrx_word' id='word_1_103' title='bbox 1133 2691 1268 2758; x_wconf 87' lang='lat' dir='ltr'>babebit</span> <span class='ocrx_word' id='word_1_104' title='bbox 1303 2689 1351 2776; x_wconf 85' lang='lat' dir='ltr'>xij</span> 
     </span>
     <span class='ocr_line' id='line_1_17' title="bbox 298 2793 1352 2886; baseline -0.007 -22"><span class='ocrx_word' id='word_1_105' title='bbox 298 2797 519 2876; x_wconf 71' lang='lat' dir='ltr'>sumsisset</span> <span class='ocrx_word' id='word_1_106' title='bbox 533 2798 623 2886; x_wconf 90' lang='lat' dir='ltr'>apud</span> <span class='ocrx_word' id='word_1_107' title='bbox 640 2798 824 2864; x_wconf 81' lang='lat' dir='ltr'>Eboracum</span> <span class='ocrx_word' id='word_1_108' title='bbox 839 2796 977 2863; x_wconf 89' lang='lat' dir='ltr'>habebit</span> <span class='ocrx_word' id='word_1_109' title='bbox 994 2797 1041 2883; x_wconf 88' lang='lat' dir='ltr'>xij</span> <span class='ocrx_word' id='word_1_110' title='bbox 1058 2795 1242 2875; x_wconf 82' lang='lat' dir='ltr'>furnesias;</span> <span class='ocrx_word' id='word_1_111' title='bbox 1265 2793 1352 2859; x_wconf 92' lang='lat' dir='ltr'>etin</span> 
     </span>
    </p>
   </div>
   <div class='ocr_carea' id='block_1_6' title="bbox 300 2894 1353 3598">
    <p class='ocr_par' dir='ltr' id='par_1_7' title="bbox 300 2894 1353 3598">
     <span class='ocr_line' id='line_1_18' title="bbox 300 2894 1352 2987; baseline -0.007 -22"><span class='ocrx_word' id='word_1_112' title='bbox 300 2899 449 2987; x_wconf 90' lang='lat' dir='ltr'>quolibet</span> <span class='ocrx_word' id='word_1_113' title='bbox 485 2900 717 2987; x_wconf 64' lang='lat' dir='ltr'>praedictorum</span> <span class='ocrx_word' id='word_1_114' title='bbox 747 2898 892 2964; x_wconf 89' lang='lat' dir='ltr'>locorum</span> <span class='ocrx_word' id='word_1_115' title='bbox 923 2900 1033 2976; x_wconf 89' lang='lat' dir='ltr'>trium,</span> <span class='ocrx_word' id='word_1_116' title='bbox 1066 2896 1231 2974; x_wconf 86' lang='lat' dir='ltr'>videlicet,</span> <span class='ocrx_word' id='word_1_117' title='bbox 1263 2894 1352 2981; x_wconf 89' lang='lat' dir='ltr'>apud</span> 
     </span>
     <span class='ocr_line' id='line_1_19' title="bbox 301 2997 1353 3088; baseline -0.006 -20"><span class='ocrx_word' id='word_1_118' title='bbox 301 3003 526 3080; x_wconf 84' lang='lat' dir='ltr'>Cantuariam,</span> <span class='ocrx_word' id='word_1_119' title='bbox 552 3002 641 3088; x_wconf 89' lang='lat' dir='ltr'>apud</span> <span class='ocrx_word' id='word_1_120' title='bbox 685 3001 889 3067; x_wconf 89' lang='lat' dir='ltr'>Bristolliam</span> <span class='ocrx_word' id='word_1_121' title='bbox 925 3009 959 3067; x_wconf 91' lang='lat' dir='ltr'>et</span> <span class='ocrx_word' id='word_1_122' title='bbox 996 3001 1189 3076; x_wconf 75' lang='lat' dir='ltr'>Eboracum,</span> <span class='ocrx_word' id='word_1_123' title='bbox 1215 2997 1353 3064; x_wconf 89' lang='lat' dir='ltr'>habebit</span> 
     </span>
     <span class='ocr_line' id='line_1_20' title="bbox 300 3099 1352 3190; baseline -0.006 -21"><span class='ocrx_word' id='word_1_124' title='bbox 300 3103 364 3170; x_wconf 86' lang='lat' dir='ltr'>sub</span> <span class='ocrx_word' id='word_1_125' title='bbox 390 3125 424 3169; x_wconf 86' lang='lat' dir='ltr'>se</span> <span class='ocrx_word' id='word_1_126' title='bbox 451 3125 555 3168; x_wconf 90' lang='lat' dir='ltr'>unum</span> <span class='ocrx_word' id='word_1_127' title='bbox 583 3104 780 3190; x_wconf 85' lang='lat' dir='ltr'>magistrum</span> <span class='ocrx_word' id='word_1_128' title='bbox 810 3103 854 3167; x_wconf 90' lang='lat' dir='ltr'>ad</span> <span class='ocrx_word' id='word_1_129' title='bbox 884 3103 1133 3169; x_wconf 84' lang='lat' dir='ltr'>custodiendam</span> <span class='ocrx_word' id='word_1_130' title='bbox 1159 3099 1352 3188; x_wconf 86' lang='lat' dir='ltr'>praedictam</span> 
     </span>
     <span class='ocr_line' id='line_1_21' title="bbox 303 3205 1352 3292; baseline -0.005 -24"><span class='ocrx_word' id='word_1_131' title='bbox 303 3210 467 3270; x_wconf 86' lang='lat' dir='ltr'>monetam</span> <span class='ocrx_word' id='word_1_132' title='bbox 492 3210 526 3270; x_wconf 89' lang='lat' dir='ltr'>et</span> <span class='ocrx_word' id='word_1_133' title='bbox 553 3227 591 3271; x_wconf 89' lang='lat' dir='ltr'>ca</span> <span class='ocrx_word' id='word_1_134' title='bbox 621 3228 695 3292; x_wconf 79' lang='lat' dir='ltr'>qua</span> <span class='ocrx_word' id='word_1_135' title='bbox 725 3205 769 3270; x_wconf 90' lang='lat' dir='ltr'>ad</span> <span class='ocrx_word' id='word_1_136' title='bbox 800 3211 967 3270; x_wconf 84' lang='lat' dir='ltr'>monetam</span> <span class='ocrx_word' id='word_1_137' title='bbox 995 3206 1186 3292; x_wconf 85' lang='lat' dir='ltr'>pertinent:</span> <span class='ocrx_word' id='word_1_138' title='bbox 1222 3207 1256 3268; x_wconf 91' lang='lat' dir='ltr'>et</span> <span class='ocrx_word' id='word_1_139' title='bbox 1281 3219 1352 3264; x_wconf 82' lang='lat' dir='ltr'>sue-</span> 
     </span>
     <span class='ocr_line' id='line_1_22' title="bbox 300 3305 1351 3394; baseline -0.007 -22"><span class='ocrx_word' id='word_1_140' title='bbox 300 3306 431 3386; x_wconf 89' lang='lat' dir='ltr'>tinebit,</span> <span class='ocrx_word' id='word_1_141' title='bbox 460 3308 648 3392; x_wconf 85' lang='lat' dir='ltr'>sumptibus</span> <span class='ocrx_word' id='word_1_142' title='bbox 679 3307 756 3386; x_wconf 91' lang='lat' dir='ltr'>suis,</span> <span class='ocrx_word' id='word_1_143' title='bbox 790 3329 951 3394; x_wconf 83' lang='lat' dir='ltr'>expensas</span> <span class='ocrx_word' id='word_1_144' title='bbox 982 3313 1016 3372; x_wconf 90' lang='lat' dir='ltr'>et</span> <span class='ocrx_word' id='word_1_145' title='bbox 1046 3308 1147 3371; x_wconf 86' lang='lat' dir='ltr'>misas</span> <span class='ocrx_word' id='word_1_146' title='bbox 1177 3305 1351 3370; x_wconf 89' lang='lat' dir='ltr'>hominum</span> 
     </span>
     <span class='ocr_line' id='line_1_23' title="bbox 300 3403 1351 3494; baseline -0.005 -22"><span class='ocrx_word' id='word_1_147' title='bbox 300 3429 436 3472; x_wconf 89' lang='lat' dir='ltr'>suorum</span> <span class='ocrx_word' id='word_1_148' title='bbox 475 3409 511 3473; x_wconf 92' lang='lat' dir='ltr'>in</span> <span class='ocrx_word' id='word_1_149' title='bbox 541 3409 663 3474; x_wconf 86' lang='lat' dir='ltr'>eisdem</span> <span class='ocrx_word' id='word_1_150' title='bbox 702 3409 789 3488; x_wconf 75' lang='lat' dir='ltr'>locis</span> <span class='ocrx_word' id='word_1_151' title='bbox 821 3409 986 3488; x_wconf 91' lang='lat' dir='ltr'>videlicet,</span> <span class='ocrx_word' id='word_1_152' title='bbox 1017 3407 1168 3494; x_wconf 70' lang='lat' dir='ltr'>praedicti</span> <span class='ocrx_word' id='word_1_153' title='bbox 1199 3403 1351 3492; x_wconf 85' lang='lat' dir='ltr'>magistri</span> 
     </span>
     <span class='ocr_line' id='line_1_24' title="bbox 300 3505 1352 3598; baseline -0.006 -25"><span class='ocrx_word' id='word_1_154' title='bbox 300 3509 476 3574; x_wconf 85' lang='lat' dir='ltr'>monetarii</span> <span class='ocrx_word' id='word_1_155' title='bbox 501 3515 535 3576; x_wconf 90' lang='lat' dir='ltr'>et</span> <span class='ocrx_word' id='word_1_156' title='bbox 561 3511 707 3576; x_wconf 86' lang='lat' dir='ltr'>custodis</span> <span class='ocrx_word' id='word_1_157' title='bbox 732 3512 899 3598; x_wconf 77' lang='lat' dir='ltr'>platanum</span> <span class='ocrx_word' id='word_1_158' title='bbox 922 3519 957 3576; x_wconf 91' lang='lat' dir='ltr'>et</span> <span class='ocrx_word' id='word_1_159' title='bbox 980 3511 1168 3587; x_wconf 69' lang='lat' dir='ltr'>funditoris</span> <span class='ocrx_word' id='word_1_160' title='bbox 1189 3505 1352 3596; x_wconf 87' lang='lat' dir='ltr'>garcionis</span> 
     </span>
    </p>
   </div>
   <div class='ocr_carea' id='block_1_7' title="bbox 300 3607 1355 4931">
    <p class='ocr_par' dir='ltr' id='par_1_8' title="bbox 300 3607 1355 4931">
     <span class='ocr_line' id='line_1_25' title="bbox 301 3607 1354 3697; baseline -0.002 -24"><span class='ocrx_word' id='word_1_161' title='bbox 301 3611 338 3673; x_wconf 89' lang='lat' dir='ltr'>in</span> <span class='ocrx_word' id='word_1_162' title='bbox 352 3609 534 3676; x_wconf 79' lang='lat' dir='ltr'>firnditoric</span> <span class='ocrx_word' id='word_1_163' title='bbox 557 3616 592 3677; x_wconf 90' lang='lat' dir='ltr'>et</span> <span class='ocrx_word' id='word_1_164' title='bbox 614 3613 753 3676; x_wconf 91' lang='lat' dir='ltr'>aliorum</span> <span class='ocrx_word' id='word_1_165' title='bbox 778 3613 1015 3678; x_wconf 87' lang='lat' dir='ltr'>ministrorum.</span> <span class='ocrx_word' id='word_1_166' title='bbox 1061 3612 1117 3677; x_wconf 90' lang='lat' dir='ltr'>Ita</span> <span class='ocrx_word' id='word_1_167' title='bbox 1138 3609 1224 3697; x_wconf 90' lang='lat' dir='ltr'>quod</span> <span class='ocrx_word' id='word_1_168' title='bbox 1242 3607 1354 3674; x_wconf 86' lang='lat' dir='ltr'>omnia</span> 
     </span>
     <span class='ocr_line' id='line_1_26' title="bbox 301 3709 1349 3802; baseline -0.005 -24"><span class='ocrx_word' id='word_1_169' title='bbox 301 3734 401 3778; x_wconf 90' lang='lat' dir='ltr'>onera</span> <span class='ocrx_word' id='word_1_170' title='bbox 421 3719 456 3777; x_wconf 90' lang='lat' dir='ltr'>et</span> <span class='ocrx_word' id='word_1_171' title='bbox 482 3735 642 3800; x_wconf 84' lang='lat' dir='ltr'>expensas</span> <span class='ocrx_word' id='word_1_172' title='bbox 667 3715 814 3800; x_wconf 86' lang='lat' dir='ltr'>portabit</span> <span class='ocrx_word' id='word_1_173' title='bbox 839 3716 1015 3800; x_wconf 85' lang='lat' dir='ltr'>praedictus</span> <span class='ocrx_word' id='word_1_174' title='bbox 1040 3715 1200 3802; x_wconf 85' lang='lat' dir='ltr'>Magister</span> <span class='ocrx_word' id='word_1_175' title='bbox 1223 3709 1349 3776; x_wconf 91' lang='lat' dir='ltr'>Willel-</span> 
     </span>
     <span class='ocr_line' id='line_1_27' title="bbox 302 3813 1352 3902; baseline -0.003 -24"><span class='ocrx_word' id='word_1_176' title='bbox 302 3836 376 3880; x_wconf 85' lang='lat' dir='ltr'>mus</span> <span class='ocrx_word' id='word_1_177' title='bbox 406 3815 442 3878; x_wconf 91' lang='lat' dir='ltr'>in</span> <span class='ocrx_word' id='word_1_178' title='bbox 479 3816 646 3902; x_wconf 72' lang='lat' dir='ltr'>praedictis</span> <span class='ocrx_word' id='word_1_179' title='bbox 673 3823 815 3902; x_wconf 89' lang='lat' dir='ltr'>quatuor</span> <span class='ocrx_word' id='word_1_180' title='bbox 852 3817 939 3892; x_wconf 88' lang='lat' dir='ltr'>locis,</span> <span class='ocrx_word' id='word_1_181' title='bbox 971 3829 1004 3880; x_wconf 86' lang='lat' dir='ltr'>et</span> <span class='ocrx_word' id='word_1_182' title='bbox 1035 3822 1202 3882; x_wconf 84' lang='lat' dir='ltr'>monetam</span> <span class='ocrx_word' id='word_1_183' title='bbox 1233 3813 1352 3878; x_wconf 86' lang='lat' dir='ltr'>reddet</span> 
     </span>
     <span class='ocr_line' id='line_1_28' title="bbox 301 3915 1350 4004; baseline -0.005 -23"><span class='ocrx_word' id='word_1_184' title='bbox 301 3915 435 3982; x_wconf 92' lang='lat' dir='ltr'>domino</span> <span class='ocrx_word' id='word_1_185' title='bbox 452 3917 534 4004; x_wconf 86' lang='lat' dir='ltr'>Regi</span> <span class='ocrx_word' id='word_1_186' title='bbox 557 3923 683 3984; x_wconf 86' lang='lat' dir='ltr'>coctam</span> <span class='ocrx_word' id='word_1_187' title='bbox 707 3923 741 3981; x_wconf 88' lang='lat' dir='ltr'>et</span> <span class='ocrx_word' id='word_1_188' title='bbox 764 3917 952 3984; x_wconf 80' lang='lat' dir='ltr'>dealbatam</span> <span class='ocrx_word' id='word_1_189' title='bbox 976 3927 1010 3982; x_wconf 92' lang='lat' dir='ltr'>et</span> <span class='ocrx_word' id='word_1_190' title='bbox 1026 3923 1177 4004; x_wconf 84' lang='lat' dir='ltr'>paratam</span> <span class='ocrx_word' id='word_1_191' title='bbox 1193 3917 1228 3981; x_wconf 90' lang='lat' dir='ltr'>in</span> <span class='ocrx_word' id='word_1_192' title='bbox 1245 3915 1350 3980; x_wconf 90' lang='lat' dir='ltr'>omni-</span> 
     </span>
     <span class='ocr_line' id='line_1_29' title="bbox 301 4009 1348 4106; baseline 0.002 -22"><span class='ocrx_word' id='word_1_193' title='bbox 301 4021 372 4095; x_wconf 84' lang='lat' dir='ltr'>bus,</span> <span class='ocrx_word' id='word_1_194' title='bbox 387 4019 574 4106; x_wconf 84' lang='lat' dir='ltr'>sumptibus</span> <span class='ocrx_word' id='word_1_195' title='bbox 591 4021 677 4084; x_wconf 82' lang='lat' dir='ltr'>suis:</span> <span class='ocrx_word' id='word_1_196' title='bbox 702 4025 737 4086; x_wconf 95' lang='lat' dir='ltr'>et</span> <span class='ocrx_word' id='word_1_197' title='bbox 751 4021 905 4085; x_wconf 88' lang='lat' dir='ltr'>dominus</span> <span class='ocrx_word' id='word_1_198' title='bbox 921 4020 994 4084; x_wconf 87' lang='lat' dir='ltr'>Rex</span> <span class='ocrx_word' id='word_1_199' title='bbox 1016 4021 1108 4086; x_wconf 89' lang='lat' dir='ltr'>dabit</span> <span class='ocrx_word' id='word_1_200' title='bbox 1131 4021 1162 4085; x_wconf 90' lang='lat' dir='ltr'>ei</span> <span class='ocrx_word' id='word_1_201' title='bbox 1185 4009 1244 4106; x_wconf 86' lang='lat' dir='ltr'>pro</span> <span class='ocrx_word' id='word_1_202' title='bbox 1267 4041 1348 4106; x_wconf 87' lang='lat' dir='ltr'>qua-</span> 
     </span>
     <span class='ocr_line' id='line_1_30' title="bbox 301 4120 1351 4209; baseline 0.001 -23"><span class='ocrx_word' id='word_1_203' title='bbox 301 4122 384 4186; x_wconf 88' lang='lat' dir='ltr'>libet</span> <span class='ocrx_word' id='word_1_204' title='bbox 405 4120 491 4187; x_wconf 88' lang='lat' dir='ltr'>libra</span> <span class='ocrx_word' id='word_1_205' title='bbox 513 4122 756 4208; x_wconf 86' lang='lat' dir='ltr'>sterlingorum,</span> <span class='ocrx_word' id='word_1_206' title='bbox 772 4127 898 4209; x_wconf 89' lang='lat' dir='ltr'>septem</span> <span class='ocrx_word' id='word_1_207' title='bbox 926 4122 1085 4201; x_wconf 81' lang='lat' dir='ltr'>denarios,</span> <span class='ocrx_word' id='word_1_208' title='bbox 1102 4122 1267 4201; x_wconf 84' lang='lat' dir='ltr'>videlicet,</span> <span class='ocrx_word' id='word_1_209' title='bbox 1283 4127 1351 4188; x_wconf 89' lang='lat' dir='ltr'>tres</span> 
     </span>
     <span class='ocr_line' id='line_1_31' title="bbox 301 4222 1349 4312; baseline 0.001 -25"><span class='ocrx_word' id='word_1_210' title='bbox 301 4222 452 4288; x_wconf 81' lang='lat' dir='ltr'>denarios</span> <span class='ocrx_word' id='word_1_211' title='bbox 483 4229 516 4287; x_wconf 89' lang='lat' dir='ltr'>et</span> <span class='ocrx_word' id='word_1_212' title='bbox 547 4223 765 4309; x_wconf 84' lang='lat' dir='ltr'>quadrantem</span> <span class='ocrx_word' id='word_1_213' title='bbox 792 4246 853 4312; x_wconf 89' lang='lat' dir='ltr'>pro</span> <span class='ocrx_word' id='word_1_214' title='bbox 884 4225 1060 4311; x_wconf 88' lang='lat' dir='ltr'>stipendiis</span> <span class='ocrx_word' id='word_1_215' title='bbox 1092 4225 1349 4291; x_wconf 87' lang='lat' dir='ltr'>monetariorum</span> 
     </span>
     <span class='ocr_line' id='line_1_32' title="bbox 300 4325 1349 4414; baseline 0.002 -23"><span class='ocrx_word' id='word_1_216' title='bbox 300 4325 557 4414; x_wconf 84' lang='lat' dir='ltr'>percutientium</span> <span class='ocrx_word' id='word_1_217' title='bbox 583 4332 617 4393; x_wconf 89' lang='lat' dir='ltr'>et</span> <span class='ocrx_word' id='word_1_218' title='bbox 632 4326 871 4394; x_wconf 86' lang='lat' dir='ltr'>fabricantium</span> <span class='ocrx_word' id='word_1_219' title='bbox 888 4333 1075 4410; x_wconf 80' lang='lat' dir='ltr'>monetam3</span> <span class='ocrx_word' id='word_1_220' title='bbox 1099 4333 1134 4394; x_wconf 93' lang='lat' dir='ltr'>et</span> <span class='ocrx_word' id='word_1_221' title='bbox 1160 4329 1349 4395; x_wconf 90' lang='lat' dir='ltr'>allocabun-</span> 
     </span>
     <span class='ocr_line' id='line_1_33' title="bbox 300 4423 1352 4517; baseline 0.004 -25"><span class='ocrx_word' id='word_1_222' title='bbox 300 4435 358 4493; x_wconf 89' lang='lat' dir='ltr'>tnr</span> <span class='ocrx_word' id='word_1_223' title='bbox 374 4427 480 4493; x_wconf 87' lang='lat' dir='ltr'>eidem</span> <span class='ocrx_word' id='word_1_224' title='bbox 496 4428 655 4516; x_wconf 83' lang='lat' dir='ltr'>Magistro</span> <span class='ocrx_word' id='word_1_225' title='bbox 678 4452 764 4494; x_wconf 83' lang='lat' dir='ltr'>unus</span> <span class='ocrx_word' id='word_1_226' title='bbox 788 4429 942 4494; x_wconf 85' lang='lat' dir='ltr'>denarius</span> <span class='ocrx_word' id='word_1_227' title='bbox 966 4435 1000 4495; x_wconf 90' lang='lat' dir='ltr'>et</span> <span class='ocrx_word' id='word_1_228' title='bbox 1023 4423 1109 4495; x_wconf 68' lang='lat' dir='ltr'>u&#39;nus</span> <span class='ocrx_word' id='word_1_229' title='bbox 1133 4431 1300 4517; x_wconf 83' lang='lat' dir='ltr'>quadrans</span> <span class='ocrx_word' id='word_1_230' title='bbox 1316 4433 1352 4496; x_wconf 90' lang='lat' dir='ltr'>in</span> 
     </span>
     <span class='ocr_line' id='line_1_34' title="bbox 302 4531 1352 4619; baseline 0.003 -24"><span class='ocrx_word' id='word_1_231' title='bbox 302 4531 419 4596; x_wconf 88' lang='lat' dir='ltr'>decasu</span> <span class='ocrx_word' id='word_1_232' title='bbox 445 4531 575 4617; x_wconf 85' lang='lat' dir='ltr'>argenti</span> <span class='ocrx_word' id='word_1_233' title='bbox 601 4532 643 4596; x_wconf 89' lang='lat' dir='ltr'>ad</span> <span class='ocrx_word' id='word_1_234' title='bbox 674 4533 795 4619; x_wconf 85' lang='lat' dir='ltr'>ignem,</span> <span class='ocrx_word' id='word_1_235' title='bbox 820 4539 853 4598; x_wconf 90' lang='lat' dir='ltr'>et</span> <span class='ocrx_word' id='word_1_236' title='bbox 889 4553 975 4597; x_wconf 86' lang='lat' dir='ltr'>unus</span> <span class='ocrx_word' id='word_1_237' title='bbox 1001 4533 1154 4598; x_wconf 85' lang='lat' dir='ltr'>denarius</span> <span class='ocrx_word' id='word_1_238' title='bbox 1179 4539 1212 4599; x_wconf 86' lang='lat' dir='ltr'>et</span> <span class='ocrx_word' id='word_1_239' title='bbox 1237 4535 1352 4600; x_wconf 88' lang='lat' dir='ltr'>obolus</span> 
     </span>
     <span class='ocr_line' id='line_1_35' title="bbox 302 4633 1354 4724; baseline 0.006 -26"><span class='ocrx_word' id='word_1_240' title='bbox 302 4634 337 4698; x_wconf 92' lang='lat' dir='ltr'>in</span> <span class='ocrx_word' id='word_1_241' title='bbox 368 4634 597 4699; x_wconf 85' lang='lat' dir='ltr'>emendatione</span> <span class='ocrx_word' id='word_1_242' title='bbox 626 4633 803 4720; x_wconf 89' lang='lat' dir='ltr'>cujuslibet</span> <span class='ocrx_word' id='word_1_243' title='bbox 834 4636 926 4701; x_wconf 87' lang='lat' dir='ltr'>librae</span> <span class='ocrx_word' id='word_1_244' title='bbox 965 4641 1113 4701; x_wconf 87' lang='lat' dir='ltr'>monetae.</span> <span class='ocrx_word' id='word_1_245' title='bbox 1175 4635 1230 4702; x_wconf 88' lang='lat' dir='ltr'>Its</span> <span class='ocrx_word' id='word_1_246' title='bbox 1266 4639 1354 4724; x_wconf 90' lang='lat' dir='ltr'>quod</span> 
     </span>
     <span class='ocr_line' id='line_1_36' title="bbox 301 4735 1354 4828; baseline 0.007 -28"><span class='ocrx_word' id='word_1_247' title='bbox 301 4755 362 4822; x_wconf 92' lang='lat' dir='ltr'>pro</span> <span class='ocrx_word' id='word_1_248' title='bbox 401 4735 631 4802; x_wconf 88' lang='lat' dir='ltr'>emendatione</span> <span class='ocrx_word' id='word_1_249' title='bbox 670 4743 812 4804; x_wconf 84' lang='lat' dir='ltr'>monetae</span> <span class='ocrx_word' id='word_1_250' title='bbox 852 4742 887 4804; x_wconf 89' lang='lat' dir='ltr'>et</span> <span class='ocrx_word' id='word_1_251' title='bbox 928 4738 964 4802; x_wconf 92' lang='lat' dir='ltr'>in</span> <span class='ocrx_word' id='word_1_252' title='bbox 995 4737 1115 4804; x_wconf 79' lang='lat' dir='ltr'>decasu</span> <span class='ocrx_word' id='word_1_253' title='bbox 1151 4739 1194 4803; x_wconf 91' lang='lat' dir='ltr'>ad</span> <span class='ocrx_word' id='word_1_254' title='bbox 1234 4740 1354 4828; x_wconf 87' lang='lat' dir='ltr'>ignem,</span> 
     </span>
     <span class='ocr_line' id='line_1_37' title="bbox 302 4840 1355 4931; baseline 0.005 -25"><span class='ocrx_word' id='word_1_255' title='bbox 302 4841 530 4909; x_wconf 83' lang='lat' dir='ltr'>allocabuntur</span> <span class='ocrx_word' id='word_1_256' title='bbox 561 4841 591 4906; x_wconf 89' lang='lat' dir='ltr'>ei</span> <span class='ocrx_word' id='word_1_257' title='bbox 631 4841 667 4904; x_wconf 91' lang='lat' dir='ltr'>in</span> <span class='ocrx_word' id='word_1_258' title='bbox 698 4841 846 4926; x_wconf 89' lang='lat' dir='ltr'>qualibet</span> <span class='ocrx_word' id='word_1_259' title='bbox 887 4840 971 4905; x_wconf 84' lang='lat' dir='ltr'>libra</span> <span class='ocrx_word' id='word_1_260' title='bbox 1012 4841 1165 4906; x_wconf 88' lang='lat' dir='ltr'>undecim</span> <span class='ocrx_word' id='word_1_261' title='bbox 1196 4841 1355 4931; x_wconf 77' lang='lat' dir='ltr'>serlinges</span> 
     </span>
    </p>
   </div>
   <div class='ocr_carea' id='block_1_8' title="bbox 1149 4972 1220 5044">
    <p class='ocr_par' dir='ltr' id='par_1_9' title="bbox 1149 4972 1220 5044">
     <span class='ocr_line' id='line_1_38' title="bbox 1149 4972 1220 5044; baseline -0.056 0"><span class='ocrx_word' id='word_1_262' title='bbox 1149 4972 1220 5044; x_wconf 64' lang='lat'>12</span> 
     </span>
    </p>
   </div>
   <div class='ocr_carea' id='block_1_9' title="bbox 1371 1119 1513 1254">
    <p class='ocr_par' dir='ltr' id='par_1_10' title="bbox 1371 1119 1513 1254">
     <span class='ocr_line' id='line_1_39' title="bbox 1399 1119 1502 1186; baseline 0.039 -18"><span class='ocrx_word' id='word_1_263' title='bbox 1399 1120 1410 1184; x_wconf 93' lang='lat'>[</span> <span class='ocrx_word' id='word_1_264' title='bbox 1418 1119 1502 1186; x_wconf 72' lang='grc' dir='ltr'><strong><em>Τωηρ.</em></strong></span> 
     </span>
     <span class='ocr_line' id='line_1_40' title="bbox 1371 1184 1513 1254; baseline 0 -18"><span class='ocrx_word' id='word_1_265' title='bbox 1371 1184 1436 1236; x_wconf 81' lang='lat' dir='ltr'>lien.</span> <span class='ocrx_word' id='word_1_266' title='bbox 1450 1188 1513 1254; x_wconf 86' lang='lat'>111.]</span> 
     </span>
    </p>
   </div>
   <div class='ocr_carea' id='block_1_10' title="bbox 1370 1649 1524 1703">
    <p class='ocr_par' dir='ltr' id='par_1_11' title="bbox 1370 1649 1524 1703">
     <span class='ocr_line' id='line_1_41' title="bbox 1370 1649 1524 1703; baseline 0.006 -1"><span class='ocrx_word' id='word_1_267' title='bbox 1370 1649 1437 1702; x_wconf 73' lang='lat' dir='ltr'>Ad).</span> <span class='ocrx_word' id='word_1_268' title='bbox 1453 1655 1524 1703; x_wconf 80' lang='lat'>1280.</span> 
     </span>
    </p>
   </div>
   <div class='ocr_carea' id='block_1_11' title="bbox 0 0 1786 5754">
    <p class='ocr_par' dir='ltr' id='par_1_12' title="bbox 0 0 1786 5754">
     <span class='ocr_line' id='line_1_42' title="bbox 0 0 1786 5754; baseline 0 0"><span class='ocrx_word' id='word_1_269' title='bbox 0 0 1786 5754; x_wconf 95' lang='lat' dir='ltr'> </span> 
     </span>
    </p>
   </div>
  </div>
 </body>
</html>
