3456 5740
593 1499 949 1578 CONTENTS.

146 1872 327 1934 Constitutio
351 1877 477 1938 Domus
499 1881 589 1960 Regis
599 1919 1262 1939 ········
1300 1808 1369 1956 Ι87187θ

146 2002 351 2064 Allocctiones
375 2025 430 2082 per
452 2007 561 2065 Brevis
602 2045 1266 2066 --------
1308 2023 1367 2080 814

146 2130 251 2192 Brevin
271 2136 311 2193 de
334 2136 507 2216 Privilegio
539 2127 542 2137 ’
597 2175 1265 2198 ---------
1307 2155 1366 2213 822

148 2266 240 2326 Dietae
260 2270 294 2327 in
320 2269 485 2331 Scsecnrio
507 2307 1264 2330 ·········
1306 2289 1365 2357 835

149 2395 349 2457 Memoranda
370 2401 436 2460 Pro
458 2402 540 2478 Rege
595 2435 1263 2458 ········
1306 2418 1366 2475 840

146 2524 191 2582 De
212 2525 415 2602 Separatione
436 2528 569 2589 faciende
588 2531 619 2588 in
642 2530 791 2591 Extrsctis
811 2534 1049 2596 Jueticisriorum
1069 2539 1105 2598 de
1126 2539 1262 2600 Debitis-
1304 2546 1364 2603 844

20 2643 24 2650 ’
149 2655 307 2718 Ordinatio
331 2660 433 2736 Super
453 2660 605 2737 compotis
625 2680 677 2738 per
697 2661 890 2722 Aitorneium
971 2702 981 2712 -
1064 2705 1075 2715 -
1158 2705 1168 2714 -
1251 2675 1363 2732 -845

148 2787 192 2846 De
215 2787 383 2848 Sesccnrio
403 2791 531 2848 tenendo
599 2825 1264 2844 --------
1306 2803 1365 2860 846

147 2916 192 2974 De
227 2918 437 2977 Ordinatione
471 2915 615 2977 Sceccnrii
649 2921 735 2977 annis
766 2921 837 2996 xvi,
870 2921 949 2994 xvii,
980 2934 1010 2983 ei
1040 2927 1093 2983 xix
1121 2926 1263 2987 Edwerdi

267 3013 410 3074 Secundi
506 3049 1262 3069 .........
1305 3027 1363 3085 843

149 3143 321 3203 Processns
339 3146 376 3203 de
398 3146 491 3203 Modo
509 3146 652 3204 allocandi
674 3146 839 3206 Libertctcs
862 3148 1037 3226 Magnetum
1058 3151 1157 3229 Regni
1251 3188 1262 3197 -
1304 3155 1364 3217 970

150 3271 295 3331 Provisio
315 3274 352 3331 de
372 3273 475 3332 diebus
495 3275 571 3332 datis
590 3277 628 3332 sd
648 3276 848 3352 placitandum
869 3277 900 3335 in
923 3277 1076 3339 Sceccario
1157 3315 1168 3328 ·
1251 3317 1261 3326 ·
1304 3285 1363 3346 972

150 3403 261 3463 Brevia
286 3405 324 3462 de
344 3405 522 3480 ponderibus
541 3406 701 3466 liberandis
721 3415 751 3465 et
771 3409 863 3466 talliis
885 3411 1059 3469 innovandis
1157 3445 1169 3456 ·
1250 3447 1261 3460 ·
1303 3415 1362 3476 973

151 3533 196 3594 De
216 3537 316 3597 Statu
338 3535 483 3596 scaccarii
507 3537 634 3596 Dublini
690 3571 1261 3592 ·······
1304 3547 1363 3606 974

151 3671 349 3729 Provisiones
368 3671 405 3728 de
425 3670 448 3729 J
449 3671 581 3728 udaismo
596 3702 1261 3718 --------
1302 3674 1361 3733 978

152 3801 199 3861 De
225 3801 349 3861 Osmbio
369 3809 401 3859 et
421 3801 542 3859 Moneta
596 3831 1261 3848 ········
1303 3802 1362 3864 979

150 3930 314 3989 Tmctstus
334 3929 432 3989 Novae
453 3931 604 3988 Monese-
661 3955 662 3960 1
689 3963 1259 3977 -------
1301 3933 1357 3992 991

154 4063 204 4120 De
225 4057 452 4120 Heoeiordiensi
471 4060 621 4137 Episcopo
663 4121 669 4132 ,
689 4092 1259 4106 -------
1285 4065 1362 4120 1010
1419 4029 1428 4053 ⁸

152 4193 202 4251 De
224 4191 359 4250 Ecclesia
379 4191 416 4248 de
435 4190 534 4250 Etone
596 4223 1258 4237 ········
1284 4193 1357 4251 1011

153 4322 254 4381 Breve
274 4323 335 4380 Pro
356 4321 492 4380 Ecclesia
510 4323 547 4381 de
568 4321 735 4380 Kirkeione
779 4351 1257 4367 ······
1283 4281 1358 4382 1019

157 4453 204 4512 Dc
225 4453 367 4512 Custodia
388 4452 549 4512 Terrarum
570 4451 699 4512 Galiridi
721 4453 757 4512 de
778 4453 862 4530 Lucy
872 4481 1257 4498 ·····
1282 4456 1359 4513 1013

158 4585 205 4644 De
225 4585 360 4644 Diversis
380 4586 477 4645 Certis
498 4586 661 4646 Oomiiissoe
682 4587 867 4660 Albemnrlae,
888 4593 943 4644 etc,
967 4613 978 4628 -
1060 4618 1071 4632 ·
1153 4617 1165 4630 ·
1248 4619 1258 4631 ·
1283 4589 1359 4644 1014

258 4749 346 4796 75091.
383 4745 595 4798 01111081-
1160 4743 1180 4785 a
1204 4723 1223 4784 2
