3584 5746
397 802 463 865 820
644 817 747 868 urana
771 817 908 868 nunnus
931 817 978 866 ur
1001 817 1195 878 acroenum

260 1014 330 1066 au.
722 992 848 1058 Annua
877 999 1121 1060 ainau-com.

238 1084 360 1132 ΝΜ
437 1119 556 1184 Honor
573 1117 846 1207 Waliugeiordiae
925 1157 937 1168 ·
1029 1157 1042 1170 -

438 1219 620 1306 [Monechi]
637 1220 678 1286 de
694 1221 798 1288 Beoeo
926 1259 938 1270 -
1028 1257 1042 1270 ·

437 1323 616 1408 Templarii
714 1357 727 1372 ·
819 1361 832 1371 ·
924 1359 938 1371 ·
1029 1313 1061 1421 -(

439 1423 622 1510 [Monnchi]
641 1424 849 1491 colecestriae
926 1463 939 1476 ·
1029 1465 1040 1476 -

1070 1261 1253 1342 Murdrum,
1264 1283 1323 1349 per
1335 1261 1444 1330 breve.

824 1709 1005 1778 Nonroun.

437 1876 623 1942 Vieeoomes
646 1875 686 1941 de
702 1875 925 1942 misericordia
949 1899 970 1940 v
991 1875 1239 1942 hundredorum
1259 1881 1295 1942 et
1313 1875 1443 1942 dimidii

393 1979 524 2044 Sanctae
539 1977 763 2055 Adoldrcdrae,
778 1983 817 2044 ut
833 1980 962 2065 possint
984 1978 1094 2044 audiri
1117 1979 1187 2043 sine
1210 1979 1390 2058 occasione,
1409 1985 1444 2045 at

391 2082 432 2146 de
447 2080 673 2146 misericordia
688 2080 748 2168 viij
766 2080 1012 2147 hundredorum
1030 2081 1145 2148 Sancti
1162 2079 1338 2146 Edmuudi.

436 2183 490 2248 Ibi
506 2189 585 2248 sunt
601 2183 706 2269 quieti
722 2185 755 2248 in
772 2184 846 2248 istis
862 2183 1062 2250 hundredis:

434 2285 653 2371 Hospitalarii
713 2324 724 2335 -
818 2327 829 2338 -
922 2326 934 2338 -
1026 2295 1059 2437 -1

434 2388 572 2453 Beocum
607 2425 1037 2440 -----

435 2487 533 2554 Nova
548 2493 637 2554 terra
654 2487 794 2556 Comitia
808 2488 983 2556 Warennoe
1026 2443 1058 2568 -i

1070 2387 1251 2466 Murdrum,
1259 2409 1318 2474 per
1329 2387 1439 2454 breve.

845 2779 988 2846 Essnxn

433 2942 550 3008 Honor
565 2941 720 3030 Piperelli
815 2982 828 2993 -
919 2982 933 2992 -
1025 2981 1038 2993 ·

432 3045 548 3109 Honor
564 3043 705 3110 Conritis
721 3045 892 3110 Eustachii
921 3084 932 3095 -
1025 3045 1238 3137 -kMurdrum
1254 3045 1326 3110 sine
1341 3045 1440 3112 breve

432 3146 598 3212 Henn'eua
614 3146 702 3211 filius
718 3146 851 3211 Geroldi
920 3186 931 3196 -
1149 3147 1349 3234 simpliciter.

433 3247 597 3315 Henrieus
612 3248 654 3314 de
670 3249 795 3314 Essem
814 3285 828 3298 ·
919 3287 932 3300 ·
1025 3288 1037 3299 -

433 3350 546 3416 Abbna
563 3349 765 3438 Coggeahale
789 3351 829 3416 de
853 3351 987 3418 eeaartia
1009 3355 1044 3416 et
1065 3349 1197 3437 placitis
1220 3348 1360 3427 forestae,
1382 3370 1441 3434 per

386 3452 631 3622 bmsidieeestria
710 3591 722 3606 ·
815 3591 826 3604 -
920 3593 932 3605 ·
1025 3554 1106 3831 γε
1119 3555 1253 3620 ereartia
1265 3558 1299 3620 et
1309 3553 1439 3641 placitis

1110 3657 1249 3734 foresta,
1280 3677 1339 3742 per
1369 3677 1438 3722 oar-

1025 3795 1037 3808 ·
1111 3763 1189 3824 tam.

433 3656 651 3744 Hospitalarii
711 3695 723 3707 ·
815 3695 827 3706 -
921 3695 933 3707 -
1025 3696 1038 3706 -

434 3759 577 3846 [Abbae]
595 3760 637 3824 de
653 3759 746 3824 Bello
814 3797 828 3808 -
920 3795 932 3806 -

804 4057 1025 4122 Rornmunn.

433 4225 602 4311 [Monachi
632 4223 687 4308 de]
720 4221 1125 4310 Olrrigni---Murdrum
1149 4226 1183 4288 et
1207 4221 1441 4299 misericordia,

386 4351 445 4416 per
459 4329 568 4394 breve.

663 4565 852 4642 Wanwmu,
882 4564 1162 4631 Lurcnsrnusmu

432 4732 541 4819 Super
555 4737 677 4798 terram
695 4729 834 4798 Comitis
851 4728 988 4796 Cestriae
1004 4733 1154 4794 remanet
1169 4729 1354 4800 Murdrum.
