3598 5752
401 889 505 966 100&
648 915 749 964 LIBER
773 913 909 964 RUBEUS
933 913 979 962 DE
1003 913 1196 963 setectum.

402 1099 562 1164 deficiens.
608 1099 644 1164 Si
660 1098 825 1165 sufficiens
846 1101 1028 1176 invenitur,
1044 1107 1124 1167 ωηο
1144 1101 1279 1187 quietus
1299 1101 1365 1166 erit
1385 1101 1452 1166 Ma·

402 1203 505 1288 gister
521 1202 663 1267 omnino.
713 1201 750 1267 Si
765 1202 929 1278 deficiens,
949 1207 1009 1267 aut
1031 1201 1180 1268 defectus
1204 1204 1259 1268 ille
1280 1204 1346 1268 erit
1367 1203 1454 1268 inira

402 1303 584 1368 terminum
600 1304 791 1382 limitatum,
816 1304 904 1368 infra
931 1326 1038 1389 quem,
1054 1304 1188 1382 scilicet,
1204 1305 1293 1391 pixis
1312 1311 1453 1370 monetae

403 1415 454 1470 est
478 1405 702 1472 deliberabilis
725 1407 906 1473 secundum
931 1409 1202 1473 constitutionem
1226 1408 1394 1494 principis,
1419 1414 1453 1474 et

403 1511 484 1572 ωηο
508 1508 544 1572 in
560 1508 798 1573 deliberatione
814 1507 939 1594 pixidis
955 1509 1166 1594 praecipietur
1184 1509 1341 1597 Magistro
1365 1509 1453 1596 quod

404 1611 602 1676 tantundem
618 1610 763 1675 melioris
778 1617 920 1676 moneta
932 1610 1036 1677 faciat
1052 1619 1086 1676 et
1104 1612 1203 1677 aliter
1219 1613 1361 1678 nouerit
1377 1613 1454 1677 inde

404 1713 537 1798 quietus
550 1735 719 1800 quousque
735 1713 922 1779 emendatio
937 1714 1084 1800 plenarie
1094 1714 1314 1801 compleatur;
1329 1722 1389 1780 aut
1398 1716 1453 1781 de·

406 1815 513 1881 fectus
525 1816 581 1881 ille
590 1817 656 1882 erit
665 1821 762 1880 extra
772 1817 951 1882 terminum
962 1816 1143 1883 limitatum
1154 1824 1250 1882 extra
1259 1839 1354 1902 quem
1365 1818 1454 1905 pixis

406 1925 546 1984 monetas
561 1940 627 1983 non
644 1924 695 1984 est
712 1919 935 1984 deliberabilis
951 1921 1129 1985 secundum
1146 1919 1283 1986 eandem
1294 1922 1453 1986 constitu-

405 2021 530 2085 tionem
546 2021 724 2108 principis;
740 2033 773 2086 et
788 2027 878 2099 tunc,
891 2043 965 2086 cum
982 2044 1047 2087 non
1064 2023 1110 2086 sit
1119 2023 1211 2088 locus
1220 2023 1454 2100 emendationi,

407 2124 567 2212 Magister
584 2124 727 2189 Monetae
744 2125 808 2190 erit
826 2125 870 2190 ad
885 2125 1026 2211 gratiam
1054 2131 1115 2190 aut
1140 2125 1347 2190 voluntatem
1363 2128 1453 2213 prin-

404 2225 487 2310 cipis
510 2225 551 2290 ds
573 2226 646 2290 vita
672 2229 707 2290 et
733 2225 899 2290 membris.
946 2224 1103 2312 Princeps
1131 2249 1210 2292 vero
1232 2227 1453 2293 considerabit

404 2332 519 2391 utrum
535 2327 590 2391 ille
605 2327 755 2393 deiectus
770 2329 816 2394 sit
831 2329 1004 2393 mediocris
1027 2329 1080 2394 vel
1096 2331 1276 2408 ermormis,
1292 2353 1330 2396 ac
1352 2333 1453 2397 etiam

404 2429 432 2492 si
448 2430 536 2516 pixis
552 2431 668 2495 allecta
682 2429 784 2496 fiierit
798 2431 839 2496 de
855 2431 969 2518 paucis
993 2431 1092 2498 dietis
1112 2438 1172 2498 aut
1188 2432 1228 2497 de
1244 2433 1404 2520 pluribus,
1420 2441 1454 2499 et

405 2537 519 2596 utrum
550 2533 727 2597 casualiter
751 2538 811 2598 aut
837 2533 949 2598 studio
980 2533 1108 2600 fraudis
1139 2535 1313 2614 acciderit;
1350 2542 1384 2603 et
1407 2537 1454 2602 sic

405 2634 619 2699 consideratis
646 2634 914 2711 circumstantiis,
937 2635 991 2698 vel
1023 2636 1261 2701 remittendum
1285 2639 1453 2704 descernet

405 2735 562 2800 delictum
592 2757 668 2801 oum
691 2735 789 2800 laude
813 2736 1054 2815 misericordiae,
1070 2739 1122 2803 vel
1145 2740 1352 2824 plectendum
1378 2763 1452 2807 cum

403 2837 500 2903 laude
511 2838 662 2922 justitiae.
710 2838 747 2902 Si
763 2845 874 2903 autern
891 2846 1032 2925 utroque
1049 2842 1145 2906 modo
1161 2843 1220 2908 liat
1243 2845 1453 2923 examinatio,

403 2938 566 3014 videlicet,
590 2945 625 3004 et
645 2945 824 3025 antequam
841 2941 969 3006 denarii
985 2943 1210 3009 deliberentur
1225 2951 1321 3011 extra
1336 2969 1454 3012 manus

404 3041 559 3107 Custodia
570 3042 722 3118 Monetae,
735 3052 769 3106 et
781 3043 903 3108 iterum
914 3051 1004 3110 certo
1016 3047 1159 3111 termino
1168 3047 1210 3113 de
1220 3050 1343 3135 pixide,
1355 3055 1454 3136 prout

403 3145 555 3231 superius
578 3150 629 3210 est
654 3150 816 3222 notatum,
848 3152 928 3212 tunc
958 3149 1065 3232 prima
1096 3151 1300 3218 examinatio
1324 3154 1366 3218 ad
1393 3155 1454 3220 hoc

402 3246 635 3311 tantummodo
665 3247 797 3323 serviet,
822 3269 863 3312 ne
887 3247 1048 3335 Magister
1072 3251 1184 3316 valeat
1208 3275 1229 3316 a
1254 3256 1453 3322 rectitudine

402 3348 543 3412 deviare.
591 3347 742 3412 Secunda
773 3349 985 3428 examinatio,
1016 3351 1142 3418 scilicet
1167 3354 1209 3418 de
1236 3357 1358 3441 pixide,
1389 3359 1454 3424 erit

403 3473 462 3536 per
487 3450 652 3536 judicium
684 3453 903 3518 terminanda.
949 3454 1091 3520 lustitia
1117 3457 1205 3522 enim
1232 3480 1298 3524 non
1326 3462 1453 3546 patitur

402 3552 491 3638 quod
506 3553 631 3639 duplex
647 3553 776 3618 feratur
786 3553 950 3638 judicium
965 3556 998 3621 in
1017 3557 1051 3620 id
1067 3558 1183 3644 ipsum.

448 3654 492 3719 Et
522 3654 705 3719 notandum
734 3656 821 3741 quod
845 3658 1128 3746 quotienscunque
1155 3662 1214 3727 fiat
1249 3667 1452 3734 examinatio

404 3763 544 3822 monetae
560 3779 618 3842 per
633 3757 786 3834 assaium,
801 3765 933 3844 oportet
948 3761 992 3826 ad
1010 3760 1081 3838 hoo,
1097 3767 1136 3828 ut
1156 3765 1261 3850 ipsius
1282 3772 1450 3835 examina·

405 3860 504 3924 tionis
535 3859 656 3924 certius
681 3859 846 3925 habeatur
866 3860 1043 3947 judicium,
1058 3866 1147 3952 quod
1171 3868 1214 3931 ad
1239 3870 1349 3934 minus
1373 3873 1450 3939 inde

402 3963 485 4027 fiant
515 3963 579 4027 tria
602 3962 709 4027 assaia
736 3963 1046 4049 irreprehensibilia,
1069 3969 1233 4047 videlicet,
1249 3995 1291 4038 ne
1316 3981 1452 4062 propter

403 4065 539 4129 nimiam
565 4065 805 4142 adustionem,
825 4067 875 4130 vel
901 4068 1008 4146 aliter,
1023 4091 1065 4134 ex
1090 4073 1201 4157 aliquo
1228 4070 1375 4161 ipsorum
1399 4103 1450 4146 as·

402 4167 545 4233 saiorum
565 4173 739 4254 argentum
761 4169 915 4248 exilierit,
931 4178 965 4236 et
982 4195 1022 4238 ne
1038 4180 1174 4261 propter
1188 4177 1348 4264 impetum
1371 4203 1450 4248 ven·

402 4277 511 4335 torum
534 4270 586 4335 vel
613 4269 776 4335 delectum
803 4271 891 4358 ignis
917 4275 1061 4340 assaium
1087 4277 1318 4365 infrigidatum
1341 4283 1451 4366 suerit,

402 4395 486 4438 neve
516 4377 652 4459 propter
676 4393 788 4438 οοεηηι
814 4375 1004 4454 carbonum,
1020 4379 1073 4444 vel
1092 4380 1159 4445 alio
1186 4384 1291 4462 modo,
1307 4389 1451 4454 assaium

402 4477 472 4540 sive
502 4480 677 4563 argentum
703 4475 804 4542 fuerit
828 4477 1040 4545 diminutum.
1087 4481 1131 4548 Et
1155 4505 1230 4550 cum
1254 4488 1321 4552 tria
1345 4492 1451 4558 assaia

401 4576 736 4662 irreprehensibiliter
759 4575 851 4644 iacta
886 4578 1023 4660 fuerint,
1048 4587 1128 4650 tunc
1152 4588 1259 4672 primo
1290 4597 1368 4656 sunt
1393 4615 1452 4679 per

402 4681 511 4766 ipsum
542 4680 755 4745 assaiatorem
775 4679 958 4766 judicanda
988 4687 1086 4771 quod,
1117 4688 1280 4768 videlicet,
1304 4695 1450 4779 ipsorum

402 4783 504 4848 trium
520 4781 699 4846 assaiorum
716 4783 905 4868 praevaleat,
920 4786 969 4870 i[d
987 4789 1051 4873 est]
1066 4791 1183 4875 purius
1205 4793 1241 4857 in
1263 4803 1401 4882 argento
1417 4805 1452 4866 et
