3548 5754
403 935 469 998 984
659 947 762 998 erere
784 947 923 998 suenus
946 945 993 995 nn
1016 943 1215 994 sesoosaro.

233 1145 357 1264 4²*thss
404 1146 490 1211 libra
514 1145 624 1234 capiet
649 1143 716 1230 vjd.
733 1144 774 1209 de
802 1149 893 1210 recte
921 1149 956 1208 et
979 1149 1136 1210 consueta
1152 1144 1266 1223 firma;
1291 1149 1325 1208 et
1340 1143 1459 1208 liberet

260 1229 299 1264 ω’
356 1210 377 1276 “]
406 1250 491 1315 idem
516 1253 691 1336 argentum
715 1269 864 1332 grossum
891 1247 1074 1312 monetario
1101 1247 1214 1312 eodem
1234 1246 1457 1332 pondereque

406 1352 579 1418 emebatur
602 1351 645 1416 ed
669 1350 884 1416 fundendum.
931 1349 974 1415 Et
1002 1349 1066 1436 ipsi
1091 1349 1265 1415 monetarii
1288 1355 1457 1435 apponent

405 1453 540 1520 cuilibet
575 1452 678 1530 librae,
716 1451 784 1537 vjd.
816 1453 857 1516 de
895 1472 1006 1538 cupro,
1043 1450 1223 1516 secundum
1262 1457 1384 1518 rectam
1422 1457 1457 1518 et

406 1557 579 1643 antiquam
594 1555 882 1632 cousuetudinem;
906 1553 947 1618 de
975 1553 1096 1639 quibus
1111 1553 1178 1639 vje.
1196 1554 1259 1639 ipsi
1282 1555 1458 1620 monetarii

407 1659 537 1724 dabunt
560 1658 717 1744 operariis
737 1679 858 1722 novom
882 1661 1048 1721 monetam
1064 1655 1316 1734 fabricantibus,
1332 1657 1401 1744 iijd.
1418 1658 1458 1723 de

408 1761 557 1848 qnalibet
583 1761 677 1834 libre.
703 1764 737 1824 et
763 1759 804 1824 de
828 1759 904 1824 eliis
935 1757 1015 1843 iije„
1030 1758 1154 1824 debent
1186 1759 1313 1824 elocare
1345 1758 1459 1824 domos

408 1861 601 1939 fontorum‚¹
628 1861 736 1927 soldos
756 1861 989 1949 operariorum,
1008 1867 1043 1926 et
1069 1860 1254 1926 conducent
1278 1861 1459 1928 servientes

408 1989 484 2034 suos
495 1967 531 2030 in
546 1987 607 2030 suo
621 1963 736 2041 officie,
745 1969 779 2028 et
795 1961 968 2028 invenient
979 1983 1099 2028 cuneos
1114 1969 1148 2028 et
1164 1969 1275 2030 emeut
1286 1964 1459 2030 carbonem

409 2075 444 2136 et
474 2067 586 2134 omnia
614 2066 680 2134 alia
711 2087 784 2152 quee
815 2085 874 2130 suo
905 2065 1076 2152 pertinent
1101 2064 1216 2132 officio.
1271 2065 1316 2130 Et
1339 2067 1369 2132 si
1392 2069 1461 2153 ipse

410 2171 583 2238 Gambitor
597 2169 715 2235 emerit
729 2173 905 2254 argentum
927 2187 1079 2254 grossum
1094 2169 1183 2254 quod
1199 2189 1266 2234 non
1281 2170 1326 2234 sit
1341 2191 1461 2256 purum

410 2296 469 2362 per
491 2270 743 2339 aestimationem
776 2291 879 2346 suam,
910 2276 944 2334 ct
974 2270 1149 2336 monsterii
1180 2270 1348 2338 noluerint
1378 2271 1462 2336 illud

409 2381 586 2464 argentum
602 2397 662 2462 per
676 2372 929 2440 aestimationem
945 2371 1098 2458 recipere,
1109 2373 1178 2458 ipse
1192 2373 1361 2440 Cambitor
1377 2373 1461 2439 illud

410 2484 585 2568 argentum
601 2476 703 2543 faciet
723 2496 844 2562 purum
866 2496 925 2561 per
940 2475 1070 2561 igne1n;
1093 2476 1142 2542 ite
1166 2476 1254 2562 quod
1281 2478 1310 2542 si
1335 2477 1462 2543 lucrum

411 2583 488 2648 inde
504 2581 628 2657 veniat,
642 2579 707 2644 erit
722 2577 846 2642 domini
863 2577 963 2662 Regis
978 2583 1012 2642 et
1029 2577 1175 2644 Comitis.
1221 2579 1265 2644 Et
1280 2580 1464 2647 conducent

411 2684 562 2751 ardorem
572 2683 612 2748 de
621 2681 715 2748 exitu
728 2676 958 2765 cun[eornm],²
967 2679 1024 2764 qni
1035 2679 1136 2745 habet
1145 2703 1205 2767 pro
1221 2681 1307 2748 libra
1321 2683 1462 2750 obolum.

456 2800 498 2864 In
509 2795 709 2864 cambioerit
726 2815 810 2859 unus
824 2797 997 2880 aseayetor
1012 2795 1068 2880 qui
1085 2794 1183 2860 debet
1192 2817 1345 2882 assayare
1356 2799 1465 2883 pletas

411 2907 489 2968 ente
505 2921 604 2986 qnam
620 2897 790 2962 deferatur
805 2896 849 2960 ad
859 2895 1019 2974 Cunenm,
1030 2897 1118 2982 quod
1130 2900 1198 2963 sint
1214 2901 1293 2964 recti
1309 2899 1464 2986 ponderis

412 3011 446 3072 et
471 3005 512 3069 de
538 3003 624 3068 bono
647 3005 794 3086 argento,
810 3005 844 3064 et
859 2999 958 3065 faciet
984 2999 1165 3084 quamlibet
1183 3023 1333 3086 sssayam
1352 3003 1393 3068 de
1418 3025 1465 3067 xx

303 3121 306 3126 “
413 3107 512 3194 pletis
537 3102 797 3192 ponderantibus
823 3123 870 3166 xx
905 3101 1056 3166 denarios
1087 3104 1201 3190 legalis
1228 3111 1377 3184 monetae,
1392 3127 1465 3192 quse

413 3211 520 3276 esseio
535 3208 633 3274 debet
660 3207 824 3272 descidere
845 3206 944 3270 unius
959 3206 1047 3270 oboli
1073 3213 1202 3272 tantum
1218 3215 1254 3274 et
1268 3230 1334 3274 non
1350 3211 1466 3296 magis,

414 3339 519 3403 neque
536 3317 652 3380 minus.
695 3313 825 3378 Etcum
841 3312 1035 3378 transierint
1051 3335 1108 3400 per
1119 3335 1260 3380 cuneum
1275 3317 1376 3404 pletae
1391 3317 1466 3398 illae,

414 3421 513 3487 debet
527 3423 697 3503 assayator
711 3417 815 3482 lacere
826 3415 841 3502 j
858 3437 1010 3502 assayam
1026 3415 1105 3480 xxd.
1117 3417 1152 3480 in
1168 3418 1294 3485 cambio
1310 3426 1466 3485 eteorum

414 3523 540 3591 clericis
548 3526 584 3588 et
598 3520 777 3586 cambitore
789 3523 824 3584 et
832 3518 905 3584 aliis
918 3519 1232 3586 circumsedentibus
1242 3520 1340 3588 debet
1350 3545 1468 3609 essaya

415 3626 474 3691 illa
484 3624 637 3710 judicari,
652 3622 741 3708 quod
756 3622 801 3686 sit
816 3622 932 3708 legalis
947 3621 1100 3708 ponderis
1116 3623 1205 3688 etde
1221 3623 1307 3689 bono
1322 3633 1473 3712 argento,-

416 3728 504 3794 sicut
524 3725 650 3792 dictum
666 3729 717 3789 est
731 3724 772 3788 de
797 3724 896 3809 pletis
911 3745 918 3803 ;
943 3735 977 3789 et
993 3722 1053 3790 hoc
1068 3722 1168 3800 iacto,
1183 3725 1281 3792 debet
1297 3725 1469 3795 Osmbitor

417 3828 559 3898 cambire
574 3827 726 3893 denarios
741 3826 821 3891 illos.

463 3945 550 4010 Item
585 3941 727 4008 officium
764 3940 937 4006 custodum
973 3963 1150 4006 cuneorum
1186 3943 1252 4010 tsle
1286 3951 1345 4022 est,
1381 3946 1469 4032 qnod

418 4049 483 4136 ipsi
510 4045 646 4111 sedeant
671 4049 705 4108 et
732 4041 868 4107 videant
894 4043 982 4128 quod
1009 4045 1149 4128 operarii
1176 4045 1258 4112 bene
1282 4049 1469 4130 percutiant

419 4147 580 4238 platusad
590 4147 741 4211 Guneum
757 4146 882 4221 misses,
893 4151 928 4209 et
942 4146 1030 4229 quod
1045 4147 1138 4214 nulla
1152 4149 1244 4235 plats
1255 4151 1471 4236 percutiatur,

419 4273 525 4338 neque
548 4255 697 4314 transeat
720 4269 778 4332 per
793 4244 952 4322 (iuncum,
968 4247 1033 4311 nisi
1055 4247 1158 4314 luerit
1186 4251 1280 4328 bona,
1295 4252 1411 4339 legalis
1436 4260 1470 4319 et

419 4361 517 4422 recta
561 4351 604 4416 Et
638 4351 681 4416 ad
710 4350 802 4415 istud
832 4347 975 4413 officium
1000 4350 1196 4428 iaciendum,
1230 4357 1390 4441 recipient
1427 4361 1469 4425 de

417 4456 569 4544 qualibet
583 4458 721 4519 centena
736 4453 821 4516 libra
836 4450 916 4536 xijd.
935 4451 975 4516 de
991 4455 1189 4520 monetariis.

465 4572 552 4637 Item
568 4568 708 4635 officium
726 4566 888 4632 Hostiarii
910 4566 977 4630 tele
993 4575 1051 4644 est,
1072 4569 1159 4653 qnod
1176 4569 1320 4638 hostium
1338 4573 1468 4641 Cambii

454 4723 625 4775 esp-inus,
947 4730 949 4738 ’
971 4685 1114 4770 mercetur-ri·
1129 4685 1180 4785 q-ni
1198 4723 1292 4774 hebeat
1315 4727 1406 4778 should
1434 4729 1467 4780 bs

452 4805 529 4854 ¹'l'be
547 4800 651 4865 reading
669 4799 692 4848 is
716 4797 842 4863 evidently
862 4813 917 4848 cor-
946 4784 1037 4848 'read
1055 4800 1095 4852 cf.
1108 4817 1132 4865 p.
1147 4807 1219 4866 1⁰02,
1239 4805 1308 4858 lsi.

419 4891 486 4952 rapt
520 4883 633 4952 Perhaps
645 4880 674 4930 de
685 4880 756 4928 seira
767 4879 824 4929 cae'
833 4895 916 4934 eoram
945 4886 947 4924 l
