3598 5752
602 917 704 970 smus
728 917 865 970 sununs
889 916 934 966 nu
958 915 1153 966 sessorem.
1322 896 1409 964 1023

402 1106 446 1170 Ia't
470 1104 733 1171 monentem
756 1103 845 1190 qood
872 1101 988 1190 quiete
1012 1099 1203 1167 clementie
1225 1107 1254 1165 et
1277 1097 1409 1185 acquie-
1427 1099 1496 1150 An.
1511 1103 1582 1149 1316-

357 1207 472 1274 tentia
495 1230 549 1274 serr
563 1206 709 1274 milicem
732 1228 930 1273 eternorum
941 1204 1193 1291 predictarum
1216 1201 1411 1268 liberantur

359 1309 569 1378 Camerariis
584 1309 624 1375 de
639 1308 824 1388 ancaeo,
839 1307 883 1374 ia
898 1307 1051 1395 quodem
1064 1292 1187 1393 picride
1211 1304 1272 1372 seb
1296 1303 1410 1390 sipitlo

358 1412 500 1478 Hernici
523 1412 563 1478 de
586 1411 762 1488 Stentoris,
786 1409 927 1476 baronis
953 1410 992 1474 dc
1020 1408 1108 1474 dicto
1139 1405 1324 1482 scaccario,
1339 1405 1411 1490 evij

359 1513 415 1580 die
430 1513 530 1599 Mcij,
539 1535 634 1579 cono
645 1514 744 1598 repud
759 1511 857 1598 Rapis
869 1510 1038 1578 Edworda'
1045 1510 1123 1596 filii
1139 1509 1227 1594 repis
1242 1506 1410 1574 Edwardi

360 1637 460 1691 nono,
475 1613 705 1681 comodimede.

361 2012 532 2092 QUIETA
548 2011 818 2077 CLAMANTIA
834 2010 1044 2076 EJUSDEM
1067 2010 1329 2078 COMITISSAE
1347 2011 1408 2075 DE
1427 2019 1495 2070 At).
1509 2025 1581 2070 isse.

449 2112 660 2178 MANERIO
701 2113 762 2177 DE
801 2111 1028 2178 HONYTON
1077 2113 1129 2178 IN
1171 2112 1409 2182 OOMITATU

448 2213 689 2280 DEVONIAEJ

405 2342 567 2407 Omnibus
596 2341 720 2406 Christi
752 2341 903 2406 fidelibus
935 2364 1077 2428 praesens
1105 2345 1265 2429 scriptum
1287 2342 1408 2408 visuris

360 2443 412 2508 vel
428 2444 592 2510 audituris
607 2442 749 2508 Isabclla
769 2443 811 2507 de
829 2443 985 2508 Fortibus
1002 2444 1182 2511 Comitisse
1196 2445 1408 2510 Albemerliae

359 2549 393 2610 et
422 2545 581 2610 Devonire
611 2567 648 2611 ec
685 2544 825 2609 Domina
857 2545 987 2620 Insulae,
1019 2547 1160 2612 salutem
1199 2547 1234 2610 in
1265 2546 1407 2612 Domino

358 2648 601 2733 sempiternam.
647 2645 818 2710 N'overitis
849 2669 908 2710 nos
934 2649 1137 2726 concessisse,
1163 2648 1346 2713 reddidisse
1374 2654 1408 2712 ct

359 2750 509 2834 quietum
530 2750 684 2815 clamasse
700 2771 759 2835 pro
774 2749 869 2814 nobis
885 2755 919 2814 et
933 2748 1118 2815 haeredibus
1141 2753 1262 2817 nostris
1286 2750 1407 2815 illustri

359 2851 441 2939 Regi
471 2851 611 2939 Angliae,
641 2852 773 2915 domino
812 2851 983 2918 Hiberniae
1020 2860 1055 2918 et
1092 2853 1178 2918 Duci
1216 2853 1408 2940 Aquitaniae
1434 2855 1438 2862 '

359 2955 541 3020 manerium
558 2961 707 3018 nostrum
723 2953 763 3018 de
782 2953 985 3040 Honyntone
1009 2956 1045 3019 in
1062 2956 1232 3021 Comitetu
1249 2956 1408 3022 Deveniae

359 3077 432 3121 cum
452 3055 604 3122 omnibus
623 3056 755 3142 juribus
779 3062 813 3120 et
836 3057 1046 3142 pertinentiis
1075 3057 1118 3122 ed
1147 3058 1273 3124 dictum
1297 3080 1406 3122 mene-

359 3159 444 3222 rium
460 3159 686 3244 spectantibus
702 3159 825 3244 absque
840 3158 909 3223 ullo
925 3165 1159 3226 retenemento.
1207 3161 1407 3226 Hebendum

359 3265 393 3326 et
408 3263 588 3327 tenendum
604 3261 669 3326 sibi
684 3266 719 3327 et
734 3261 920 3328 haeredibus
935 3263 1013 3340 suis,
1031 3285 1089 3328 seu
1104 3264 1290 3352 assignetis
1306 3264 1407 3329 libere

359 3365 469 3448 quiete
493 3364 702 3430 haereditarie
725 3369 760 3430 et
782 3366 1035 3450 imperpetuum.
1083 3365 1126 3430 Et
1150 3371 1189 3430 ut
1211 3365 1281 3432 haec
1295 3372 1408 3432 nostre

359 3467 532 3542 concessio,
554 3465 698 3532 redditio
721 3472 756 3530 et
779 3466 893 3550 quieta
924 3467 1080 3532 clematio
1111 3471 1185 3532 rate
1215 3473 1249 3533 et
1279 3468 1407 3534 stabilis

359 3574 551 3654 permsneet
565 3569 821 3654 imperpetuum,
838 3568 916 3634 huic
945 3569 1067 3656 scripto
1094 3569 1240 3656 sigillum
1259 3576 1407 3635 nostrum

216 3671 223 3680 '
359 3670 578 3755 apposuimus.
626 3669 701 3733 Hiis
737 3668 889 3745 testibus,
921 3670 1102 3735 venerabili
1141 3679 1235 3757 putre
1274 3672 1407 3737 domino

359 3771 506 3837 Antonio
537 3770 762 3846 Duuelmensi,
793 3771 934 3835 dominis
966 3771 1106 3837 Ricardo
1144 3773 1185 3836 de
1218 3774 1342 3838 Astone
1373 3778 1407 3839 et

362 3873 510 3938 Gilberto
541 3872 582 3937 de
611 3872 777 3950 Kncville‚
804 3872 965 3937 militibus
991 3873 1145 3960 Philippo
1172 3875 1211 3938 dc
1237 3873 1407 3960 Tnngclee,

362 3975 527 4040 Willelmo
551 3974 592 4039 de
619 3975 781 4052 Neutone,
809 3975 937 4060 Rogero
962 3974 1008 4038 du
1031 3975 1177 4062 Gerdym
1194 3975 1341 4040 Weltero
1366 3977 1407 4041 de

359 4075 557 4166 Leugetone‚
575 4076 700 4154 clerico,
716 4081 751 4141 et
766 4075 847 4142 eliis.
893 4076 981 4140 Dete
996 4076 1086 4162 epud
1102 4075 1282 4142 Stokwelle
1305 4099 1407 4164 prope

360 4177 545 4266 lemhyeth
584 4179 637 4244 die
674 4179 778 4244 Lunae
816 4179 967 4265 proxima
1004 4184 1082 4244 ente
1124 4177 1247 4243 festum
1288 4179 1404 4246 Sancti

360 4281 495 4348 Martini
522 4283 558 4346 in
573 4281 701 4361 Hieme,
717 4303 804 4348 auno
820 4281 956 4346 Domini
980 4280 1156 4347 millesimo
1182 4282 1406 4349 ducentesimo

359 4385 568 4472 nonogesimo
592 4385 697 4451 tertio.

683 4541 1077 4553 ———-—--—-———-

393 4763 399 4794 ¹
413 4764 466 4814 The
483 4761 538 4814 title
558 4762 584 4812 in
604 4761 680 4812 Liber
692 4765 733 4822 A..
745 4762 779 4812 t'o.
798 4765 856 4820 2³⁷,
905 4759 976 4810 dicta
988 4759 1057 4810 dedit
1069 4758 1164 4812 domina
1178 4762 1245 4826 chr'
1262 4765 1405 4822 manerium,

359 4837 380 4890 iu
393 4839 484 4892 Carta·
490 4857 541 4907 per
552 4855 626 4905 quum
640 4839 776 4891 Canutius
790 4857 856 4905 prae·
903 4846 949 4890 etc.
