3548 5754
526 895 628 954 erens
650 901 788 950 rennes
812 901 858 950 nn
881 901 1075 950 sceecenro.
1256 882 1321 948 989

274 1071 311 1136 de
336 1072 386 1138 les
411 1073 673 1140 eeuntreboistes
699 1077 733 1140 et
755 1075 843 1140 tetes
867 1079 978 1138 autres
1000 1094 1115 1158 nssoys
1137 1072 1171 1156 qi
1194 1073 1323 1158 operte-
1340 1079 1405 1130 An.
1421 1083 1495 1134 1³00.

271 1177 349 1238 nent
371 1194 416 1238 en
432 1171 600 1261 Oheunge,
616 1175 686 1240 deit
710 1175 850 1262 prendre
872 1196 934 1261 per
955 1196 1009 1251 en,
1026 1174 1079 1239 del
1101 1172 1204 1238 honre
1227 1194 1267 1259 qe
1290 1171 1324 1237 le

274 1279 440 1346 meuvoise
456 1281 583 1346 moneie
598 1280 663 1345 seit
678 1280 809 1358 ebetue,
824 1286 900 1346 tent
915 1302 956 1368 qe
971 1281 1003 1346 le
1019 1281 1194 1368 greignure
1217 1301 1323 1365 presse

274 1381 336 1446 seit
350 1403 473 1466 pmsee,
493 1382 538 1446 xl.
556 1403 669 1448 meres
716 1383 744 1447 E
760 1384 789 1446 si
809 1405 871 1470 per
893 1388 1055 1448 eventure
1074 1383 1104 1448 le
1129 1383 1180 1448 dit
1205 1381 1323 1469 Lepyn

272 1483 332 1549 seit
363 1484 479 1550 envoie
509 1483 586 1548 hers
613 1484 654 1549 de
681 1484 851 1550 Leundres
881 1485 1017 1550 eillours
1040 1507 1080 1571 qe
1110 1505 1131 1550 e
1161 1484 1321 1552 Ceunter-

272 1584 356 1670 bury
381 1607 445 1671 pur
474 1584 557 1650 faire
580 1607 704 1671 esseys,
735 1587 759 1650 il
790 1607 832 1652 en
851 1586 923 1652 doit
953 1587 1047 1652 avoir
1072 1608 1124 1652 ses
1156 1586 1322 1652 resnebles

272 1686 443 1774 desponsos
470 1687 515 1751 du
544 1688 614 1753 Rei.
660 1688 688 1753 E
712 1688 824 1754 Jehen
850 1688 891 1754 de
918 1687 1063 1754 Sendele
1090 1688 1239 1774 gardeyn
1263 1689 1321 1754 des

271 1787 433 1875 ehounges
451 1789 480 1854 le
496 1788 559 1855 Rei
574 1791 747 1856 eventditz
762 1792 832 1857 deit
848 1791 989 1876 prendre
1007 1813 1068 1876 per
1083 1791 1132 1855 lui
1143 1795 1178 1854 et
1190 1811 1252 1877 pur
1262 1812 1320 1856 sen

272 1891 368 1967 olerk‚
384 1891 584 1958 demoreunt
606 1916 627 1958 e
651 1892 834 1970 Leundres,
850 1898 994 1959 oemunt
1021 1892 1061 1958 de
1088 1891 1140 1957 foe
1166 1913 1255 1957 eeme
1275 1891 1321 1957 les

268 1997 386 2068 autres,
402 1993 437 2079 qi
464 1999 527 2058 unt
549 2000 618 2060 este
640 2001 768 2060 reveunt
790 1996 838 2060 lui
862 2017 904 2060 en
920 1994 968 2060 eel
994 1993 1094 2071 effice,
1110 1999 1173 2058 unt
1188 1995 1265 2080 pris,
1283 2001 1319 2061 et

271 2100 362 2160 outre
390 2117 456 2172 eee,
482 2119 506 2160 x
533 2119 638 2162 meres
664 2119 725 2184 per
749 2120 792 2162 en
814 2119 878 2184 pur
900 2119 946 2161 un
976 2107 1072 2162 entre
1098 2097 1185 2162 elerk
1212 2098 1270 2183 qui
1297 2097 1321 2161 li

271 2197 433 2262 eovendre
457 2198 545 2262 tenir
569 2220 612 2264 eu
639 2198 789 2286 eheunge
817 2199 859 2264 de
882 2199 1051 2264 Loundres
1077 2204 1153 2265 tent
1173 2220 1264 2265 eeme
1289 2199 1323 2263 lo.

270 2319 377 2384 presse
392 2299 501 2365 derra„
549 2301 576 2364 E
599 2323 663 2386 pur
685 2301 732 2366 les
754 2301 862 2368 elerks
878 2301 949 2387 quil
970 2309 1102 2366 trevere
1117 2323 1138 2366 e
1161 2301 1321 2368 Cennter·

270 2399 364 2484 brny,
392 2401 609 2488 Kyngestone
641 2425 717 2468 seur
741 2402 853 2479 Hulle‚
878 2403 1080 2470 Neuehestel
1111 2425 1187 2468 seur
1218 2403 1322 2488 Tyne,

271 2503 433 2587 Bristuyt,
447 2509 482 2570 et
497 2505 664 2582 Exeestre,
680 2506 726 2570 les
742 2527 853 2591 quenx
868 2513 999 2571 serrent
1013 2506 1143 2571 eussint
1158 2505 1321 2590 gardeyne

270 2605 324 2670 des
345 2606 479 2692 Coygns
494 2629 536 2672 en
561 2611 693 2672 rneimes
717 2607 765 2672 les
789 2607 881 2685 linus,
897 2630 979 2694 pour
1003 2608 1144 2673 eheseun
1168 2607 1209 2672 de
1236 2629 1320 2672 eeux

271 2729 312 2772 xx
329 2730 435 2774 mores
451 2730 512 2794 per
527 2731 578 2773 en.
636 2709 664 2774 E
680 2710 710 2773 le
725 2712 875 2798 gardeyn
892 2709 948 2774 des
966 2709 1100 2796 Ooygns
1115 2732 1135 2773 e
1151 2709 1322 2774 Leundres

270 2810 336 2876 deit
350 2812 447 2876 aveir
461 2812 541 2876 auxi
558 2833 647 2876 eome
663 2817 773 2878 eutres
783 2811 948 2899 gardeyne
964 2812 1112 2878 devennt
1127 2812 1176 2876 lui
1192 2815 1255 2876 unt
1270 2833 1320 2876 eu.

271 2911 296 2976 E
311 2913 468 2981 Usshiers
484 2913 540 2978 des
556 2935 614 2979 eus
630 2937 651 2978 e
666 2914 819 2979 Leundre
841 2921 875 2979 et
889 2936 910 2978 a
926 2913 1163 2998 Ceunterbury
1186 2915 1322 2980 deivent

270 3015 408 3100 prendre
423 3015 565 3082 eheseun
584 3016 625 3082 de
649 3038 744 3093 eeurr,
759 3015 829 3102 iijd.
846 3018 876 3082 le
887 3017 973 3102 jour.
1022 3017 1050 3081 E
1073 3017 1150 3102 quel
1174 3015 1259 3082 honr
1280 3039 1321 3103 qe

270 3115 298 3181 le
321 3117 374 3182 dit
398 3117 509 3183 Jehen
534 3119 574 3184 de
602 3118 746 3184 Sendsle
770 3119 847 3184 eille
874 3118 952 3184 hors
975 3119 1016 3184 de
1032 3118 1202 3184 Loundres
1217 3141 1259 3184 en
1274 3119 1323 3184 les

271 3218 441 3310 beseignes
467 3221 498 3286 le
529 3221 601 3301 Rei,
623 3243 687 3307 per
716 3221 833 3286 visitor
856 3222 903 3286 les
929 3228 1042 3288 autres
1074 3223 1166 3299 lieus,
1196 3221 1221 3286 il
1251 3221 1323 3288 deit

271 3324 408 3408 prendre
424 3323 565 3390 eheseun
575 3324 654 3411 jour
669 3345 799 3411 perses
814 3324 999 3411 despenses,
1015 3324 1051 3411 iij
1069 3346 1156 3389 seez.

311 3426 339 3489 E
352 3424 364 3463 ¹
379 3431 467 3490 estre
482 3446 538 3491 eoo
554 3424 590 3490 fn
609 3426 729 3491 ordene
753 3427 905 3492 meismes
920 3426 951 3491 le
962 3426 1038 3512 jour
1063 3448 1104 3512 qe
1120 3426 1321 3492 Ah'seundre

271 3526 421 3594 Nomen
433 3528 474 3594 de
491 3528 611 3614 Lnyke
624 3529 694 3594 deit
709 3535 796 3594 estre
812 3536 931 3595 mestre
947 3530 988 3594 de
1003 3529 1037 3594 le
1052 3551 1193 3616 moneye
1211 3529 1241 3595 le
1257 3529 1320 3595 Rei

270 3629 465 3716 eDyvelyn
482 3653 524 3696 en
538 3630 707 3708 Irlennde,
723 3637 757 3696 et
772 3631 842 3697 deit
858 3653 970 3697 rnener
983 3654 1045 3697 eve
1061 3632 1117 3708 lui,
1134 3655 1171 3698 es
1186 3648 1321 3718 eustege

270 3731 297 3798 le
313 3733 377 3799 Rei
392 3733 441 3819 iiij
459 3733 630 3812 furneises¹
647 3739 681 3799 et
696 3734 767 3798 deit
783 3735 923 3820 prendre
939 3733 979 3799 de
995 3735 1157 3808 eheseune
1173 3735 1257 3799 livre
1281 3735 1321 3799 de

269 3837 394 3902 moneie
422 3836 470 3922 qil
498 3835 560 3914 fre,
584 3836 652 3922 vjd.
672 3857 736 3923 pur
762 3842 836 3901 tutz
863 3843 1034 3926 eusteges;
1058 3837 1157 3902 issint
1181 3835 1227 3922 qil
1251 3837 1322 3902 deit

269 3943 378 4005 trever
394 3938 425 4004 le
440 3961 583 4024 gravent
598 3939 655 4004 des
668 3939 780 4026 eeigns
795 3961 816 4003 e
831 3960 882 4006 ses
894 3946 1055 4026 eustegee,
1064 3947 1099 4006 et
1108 3947 1194 4006 tetes
1208 3945 1320 4005 autres

269 4041 379 4107 choses
402 4041 436 4127 qi
452 4048 648 4128 epertenent
663 4062 684 4105 e
700 4041 848 4120 Meistre,
863 4042 944 4106 auxi
960 4051 1088 4108 evenne
1103 4065 1193 4108 eome
1207 4041 1319 4108 Jehen

269 4143 408 4210 Perener
424 4143 542 4208 seiten
558 4143 759 4232 Engleterre.
805 4144 834 4209 E
849 4144 919 4210 deit
939 4145 1022 4210 faire
1039 4145 1166 4209 meneie
1182 4145 1319 4210 dontieu

269 4267 349 4334 poys
376 4254 411 4311 et
436 4246 562 4311 dentiel
587 4245 676 4331 elley
698 4266 790 4311 eome
809 4247 939 4311 hemme
957 4247 1000 4312 ed
1025 4247 1090 4311 fait
1113 4252 1240 4313 avennt
1267 4269 1319 4313 ees

268 4349 393 4416 heures.
440 4348 467 4412 E
488 4371 510 4413 e
536 4349 614 4413 bien
638 4347 696 4413 et2
711 4348 894 4414 loieument
909 4350 1107 4436 respoundre
1123 4372 1166 4415 eu
1183 4350 1244 4415 Rei
1261 4350 1319 4415 des

268 4459 353 4518 tetes
369 4452 483 4518 oheses
498 4472 538 4537 qe
553 4452 601 4516 lui
619 4448 770 4517 serront³
785 4451 904 4516 beillez
920 4474 962 4518 en
984 4453 1086 4538 garde
1101 4459 1136 4519 et
1158 4475 1179 4518 e
1194 4475 1318 4520 overer.

271 4552 451 4620 Leventdit
466 4553 665 4619 Aliseundre
683 4553 726 4618 ed
748 4557 843 4632 trove
866 4554 900 4619 le
914 4556 1106 4644 meynprise
1121 4556 1156 4642 qi
1171 4561 1321 4644 senswyt

305 4756 393 4820 ¹QB.
405 4757 516 4808 Memor.
528 4755 603 4806 emite
615 4755 652 4806 E.
854 4755 940 4819 θωπί,
952 4759 1017 4821 QR.
1030 4760 1139 4811 Memor.

303 4833 348 4886 ’er
358 4852 384 4896 a,
397 4837 466 4898 QB.
479 4837 587 4886 Memor.
