3548 5754
426 903 490 967 986
670 917 773 967 meme
795 919 934 968 nunnus
956 918 1003 968 nn
1026 916 1221 968 sosoctmo.

254 1103 323 1154 Au.
337 1109 410 1156 ¹2⁸⁰·
426 1107 466 1168 ut
501 1103 696 1190 pradictum
735 1110 804 1171 est:
849 1106 904 1171 Ita
937 1103 1135 1172 elloeebitur
1172 1103 1277 1170 eidam
1317 1103 1477 1190 magistro

427 1225 514 1271 unus
541 1205 696 1272 denarius
732 1207 769 1270 in
808 1205 958 1292 qnalibet
991 1206 1077 1272 libre
1113 1227 1174 1293 pro
1204 1205 1379 1292 stipendiis
1409 1204 1477 1270 suis

427 1313 462 1372 et
488 1308 648 1393 expensis,
673 1314 708 1372 et
734 1309 835 1374 etiam
860 1307 1000 1374 eliorum
1026 1308 1259 1395 magistrorum
1286 1307 1348 1372 sub
1375 1327 1419 1384 se,
1442 1313 1477 1372 et

426 1409 565 1474 aliorum
594 1409 820 1475 ministrorum
844 1430 988 1487 snorum,
1011 1415 1080 1474 tam
1107 1411 1142 1473 in
1167 1409 1249 1476 oibis
1276 1415 1311 1476 et
1334 1408 1477 1495 potibus,

427 1531 527 1596 quam
548 1509 636 1576 robis
659 1512 728 1576 auis
752 1516 786 1576 et
809 1511 893 1588 aliis,
909 1517 944 1576 et
968 1533 1028 1598 pro
1052 1511 1204 1590 carbone,
1219 1515 1253 1576 et
1279 1533 1339 1598 pro
1365 1511 1477 1576 cuneis

427 1613 574 1678 emendis
597 1618 631 1678 et
651 1614 847 1690 scindendis,
863 1621 898 1680 et
924 1614 999 1678 aliis
1023 1613 1176 1700 expensis
1201 1613 1286 1680 eirea
1302 1620 1474 1680 monetam.

427 1713 474 1778 Et
504 1714 657 1778 dominus
690 1715 763 1780 Rex
794 1715 944 1780 inveniet
981 1715 1088 1780 eidem
1120 1715 1279 1802 Magistro
1315 1715 1475 1780 Willelmo

425 1815 540 1880 domos
564 1816 600 1880 in
624 1816 773 1903 quolibet
797 1818 1030 1902 praedictorum
1049 1821 1192 1902 quatuor
1210 1817 1364 1893 loeomm,
1378 1821 1475 1904 aptes

425 1917 469 1984 ad
484 1917 711 1984 fabricandum
732 1919 768 1983 in
789 1920 837 1984 eis
863 1923 898 1984 et
922 1919 1102 1984 sustinebit
1127 1941 1210 1984 onus
1233 1918 1323 1984 feodi
1349 1919 1474 1984 domini

426 2019 579 2106 Hugonis
594 2020 655 2085 filii
672 2021 814 2098 Ottonis,
830 2019 977 2086 custodis
993 2020 1128 2086 Ottonis
1155 2022 1285 2106 nepotis
1308 2021 1371 2098 sui,
1387 2021 1474 2107 quod

425 2122 547 2187 elamat
583 2122 704 2187 habere
735 2122 771 2186 in
808 2121 958 2187 custodia
995 2143 1173 2188 cuneorum
1211 2123 1264 2186 vel
1296 2123 1475 2188 satisfaciet

426 2222 532 2288 eidem
558 2223 695 2310 Hugoni
725 2244 786 2310 pro
817 2222 875 2288 illo
900 2222 1005 2288 feodo.
1060 2223 1228 2288 Utensiliu
1258 2229 1370 2289 eutem
1401 2246 1475 2309 quae

425 2325 578 2388 dominus
594 2323 667 2389 Rex
687 2324 787 2389 hebet
802 2323 982 2389 Londoniae
1003 2325 1038 2388 in
1065 2323 1217 2390 domibus
1242 2325 1310 2390 suis
1334 2331 1474 2391 monetae

424 2425 654 2492 liberabuntur
680 2425 820 2512 proefato
845 2425 1006 2513 Magistro
1030 2424 1207 2502 Willelmo,
1230 2427 1264 2490 in
1297 2431 1474 2513 statuque

424 2549 514 2594 nune
539 2535 628 2606 sunt,
643 2527 683 2593 de
708 2530 878 2614 praestito:
913 2539 948 2592 et
977 2526 1066 2592 idem
1098 2528 1258 2614 Magister
1289 2529 1474 2594 Willelmus

423 2631 537 2696 eadem
553 2629 706 2696 restituet
728 2629 763 2692 in
779 2629 845 2694 fine
860 2631 949 2707 anni,
960 2629 1013 2694 vel
1029 2630 1162 2715 quando
1177 2629 1320 2696 officium
1336 2637 1475 2697 monetae

424 2733 581 2809 dimittet,
598 2733 633 2798 in
649 2733 764 2798 eodem
779 2737 871 2798 statu
886 2733 923 2796 in
938 2755 1004 2816 quo
1020 2743 1100 2797 tune
1117 2733 1262 2800 fuerunt.

468 2833 681 2900 Conventum
709 2841 760 2898 est
787 2855 861 2900 oum
887 2834 1001 2899 eodem
1023 2834 1184 2924 Magistro
1201 2835 1367 2903 Willelmo
1385 2838 1474 2923 quod

423 2958 574 3024 grossum
606 2936 802 3024 sterlingum
833 2936 890 3022 qui
921 2937 1013 3002 valet
1045 2953 1188 3023 quatuor
1218 2939 1361 3004 minores
1392 2947 1474 3004 ster-

424 3039 531 3124 lingos
557 3037 657 3103 faciet
682 3059 743 3124 per
764 3037 921 3122 Angliam
948 3037 1061 3103 eodem
1088 3037 1162 3104 foro
1189 3045 1223 3104 et
1254 3040 1368 3105 eadem
1398 3061 1473 3106 eon·

424 3140 551 3206 ditione
575 3140 696 3226 quibus
727 3139 827 3204 faeiat
849 3140 1045 3224 praedictum
1075 3141 1273 3227 sterlingum
1304 3143 1474 3219 minorem,

425 3264 463 3308 eo
494 3247 611 3308 tamen
640 3241 770 3327 adjecto
803 3240 902 3326 quod,
925 3241 1005 3328 quie
1035 3241 1122 3306 idem
1158 3265 1289 3328 grossus
1320 3245 1474 3310 denarius

424 3343 581 3409 fabricari
604 3347 713 3430 potest
736 3341 843 3408 levius
859 3363 958 3427 quam
974 3343 1157 3408 eommunis
1180 3346 1368 3434 sterlingus,
1384 3346 1473 3433 quio-

424 3446 505 3533 quid
530 3444 607 3510 inde
626 3444 749 3530 poterit
773 3443 900 3508 oomodi
924 3464 1102 3510 eaereeeere
1125 3445 1219 3510 oedet
1233 3446 1276 3510 ed
1292 3447 1474 3533 proficuum

425 3548 550 3614 domini
566 3545 673 3634 Regis.

470 3647 680 3716 Conventum
704 3653 755 3712 est
777 3647 879 3712 etiam
901 3667 977 3712 eum
993 3648 1107 3712 eodem
1124 3648 1285 3734 Magistro
1301 3651 1475 3730 Wilielmo,

425 3752 513 3838 quod
540 3749 632 3836 ipae1
660 3749 812 3814 similiter
835 3747 934 3814 faeiet
963 3748 1121 3836 ferlingos
1150 3772 1209 3837 per
1231 3753 1387 3838 Angliam
1418 3755 1476 3840 qui

425 3874 514 3918 nune
536 3857 616 3917 sunt
640 3850 777 3917 rotundi
802 3855 837 3915 et
861 3849 1070 3916 Lundrenses
1091 3857 1261 3919 vocantur.
1306 3855 1361 3922 Ita
1388 3856 1475 3944 quod

426 3955 579 4021 dominus
606 3953 680 4019 Rex
709 3952 847 4018 habebit
878 3953 918 4018 de
942 3954 1092 4039 qualibet
1123 3954 1208 4020 libra
1239 3963 1371 4022 tantum
1402 3981 1474 4046 pro·

426 4057 503 4123 ficui
531 4061 694 4144 quantum
719 4054 856 4121 hebebit
881 4055 921 4121 de
938 4049 1168 4122 communibus
1191 4058 1368 4146 sterlingis,
1384 4062 1474 4126 vide-

426 4160 513 4238 lieet,
531 4159 578 4247 xij
606 4157 790 4244 sterlingoa
837 4157 882 4222 Et
902 4157 1072 4224 sciendum
1096 4160 1184 4246 quod
1210 4161 1366 4246 quaelibet
1393 4162 1477 4229 libra

426 4263 611 4329 continebit
635 4268 778 4348 quatuor
803 4261 924 4346 viginti
957 4260 1169 4342 Londrenses,
1192 4273 1226 4328 et
1258 4269 1326 4330 tres
1356 4266 1477 4333 solidos

426 4366 525 4443 ultra,
547 4385 693 4441 numere,
716 4360 796 4449 qui²
827 4364 1005 4448 apponitur
1031 4365 1067 4427 in
1094 4365 1164 4450 ipsa
1189 4365 1343 4432 monete³
1372 4371 1477 4456 magis

426 4470 467 4535 de
491 4467 592 4534 eslaio
615 4487 714 4552 quam
738 4467 774 4530 in
798 4465 976 4553 sterlingis,
995 4473 1132 4564 propter
1153 4489 1289 4554 magnos
1316 4491 1477 4558 expensas

427 4593 510 4660 quaa
547 4577 679 4657 oportet
709 4591 830 4656 ponere
861 4569 948 4634 eirca
978 4569 1115 4634 eundem
1146 4591 1282 4656 parvam
1311 4579 1476 4640 monetam

461 4762 568 4830 ¹ipuis
580 4777 613 4812 nn
625 4762 824 4812 interlineetion.
1005 4761 1122 4812 ’monem
1134 4761 1155 4813 ie
1168 4763 1344 4818 interlineated
1357 4765 1382 4816 in
1394 4769 1448 4818 MS.

461 4841 526 4894 'Sis
538 4842 565 4891 in
579 4842 632 4891 MS.
