3548 5754
415 906 479 976 972
670 922 771 974 LIBER
795 923 932 972 RUBEUS
956 921 1002 971 DE
1025 919 1220 970 scaccanlo.

243 1115 311 1166 kl).
324 1116 397 1165 1³²1·
414 1111 505 1176 illius
528 1111 606 1174 anni
630 1109 665 1172 in
688 1127 755 1195 quo
775 1112 946 1195 compotus
969 1105 1158 1192 hujusmodi
1183 1102 1333 1170 redditus
1356 1099 1467 1176 tuerit,

415 1213 585 1300 premisso
600 1211 660 1276 tali
670 1210 772 1277 titulo
785 1237 839 1276 2-

460 1313 580 1380 Debito
603 1333 677 1398 quoe
692 1311 775 1380 tolie
792 1347 919 1364 --
935 1331 997 1396 per
1011 1331 1043 1376 ee
1066 1308 1115 1376 oet
1134 1331 1197 1396 pec
1219 1305 1322 1376 talem
1337 1339 1466 1356 --

416 1423 631 1484 attenuatum
645 1437 750 1482 curun
765 1413 889 1481 eluceat
912 1435 1014 1500 cuper
1034 1417 1226 1500 competierit
1241 1407 1322 1476 tolie
1337 1445 1465 1458 --

418 1520 620 1588 vicecomitis
643 1518 821 1585 redditum
839 1517 905 1584 toli
927 1539 1031 1584 enno.

463 1623 538 1704 Qua
571 1623 704 1709 quidem
729 1623 894 1707 scriptura
925 1621 1116 1686 examinata
1142 1641 1200 1706 per
1224 1618 1385 1706 originale
1410 1637 1468 1704 per

418 1727 506 1811 quod
531 1725 745 1790 summonitio
768 1723 946 1798 emanavit,
961 1723 1161 1788 membraneo
1179 1721 1370 1808 hujusmodi
1393 1739 1467 1784 con-

417 1833 560 1893 suantur
589 1828 658 1894 sive
690 1826 882 1893 tachientur
907 1826 1025 1892 rotulis
1055 1823 1360 1890 manumissorum
1389 1822 1468 1888 anni

417 1931 516 1998 illiue.
563 1931 608 1996 Et
626 1931 707 1996 visis
730 1931 830 1996 cartis
853 1929 1048 1994 libertatum
1070 1949 1129 2014 per
1150 1948 1233 2014 quea,
1249 1931 1319 2004 eta,
1342 1947 1468 1992 necnon

418 2033 584 2098 mandatis
603 2031 704 2120 Regis
727 2032 768 2097 de
790 2030 1042 2098 alloeationibur
1066 2029 1237 2104 faciendis,
1260 2029 1468 2112 discussoque

419 2156 478 2220 per
509 2134 765 2200 Theseurarium
803 2139 838 2200 et
873 2134 1016 2198 Berones
1052 2153 1126 2218 quae
1161 2131 1275 2198 debita
1306 2134 1468 2218 praetextu

418 2237 611 2302 libertatum
636 2236 826 2323 hujusmodi
850 2235 978 2301 fuerint
1000 2235 1180 2312 allocanda,
1204 2233 1350 2321 ipsisque
1372 2233 1468 2298 liber-

419 2341 547 2406 tatibus
577 2339 677 2406 semel
704 2339 853 2406 allocatis
876 2339 912 2403 in
938 2337 1056 2404 rotulis
1080 2338 1266 2414 annalibus,
1283 2334 1470 2424 praehabito

419 2443 609 2510 testimonio
638 2441 841 2508 vicecomitis
870 2439 1093 2526 computantis
1125 2461 1184 2528 per
1213 2459 1341 2506 sacrum
1373 2459 1467 2504 suurn

419 2567 519 2632 super
543 2544 603 2610 hoc
633 2544 829 2632 prestitum,
856 2549 895 2609 ut
925 2549 977 2610 est
1004 2542 1114 2620 moris,
1137 2543 1227 2629 quod
1256 2541 1380 2630 singuli
1410 2541 1469 2617 illi,

419 2649 460 2714 de
490 2647 612 2734 quibus
642 2646 757 2714 debita
787 2667 861 2732 quea
891 2647 1049 2732 praelatus
1079 2651 1139 2712 aut
1169 2646 1256 2712 alius
1278 2645 1470 2712 clamaverit

419 2751 546 2816 virtute
570 2754 736 2816 cartarum
760 2749 868 2836 Regis,
893 2752 953 2814 etc.
975 2749 1203 2835 exigebantur,
1219 2754 1300 2814 sunt
1321 2747 1470 2815 homines

419 2858 453 2918 et
475 2857 627 2918 tenentes
651 2851 755 2938 ipsius
781 2851 840 2936 qui
866 2850 938 2937 ipsa
966 2850 1080 2917 debita
1105 2851 1307 2927 clamaverit,
1331 2855 1390 2918 etc.
1414 2871 1470 2916 ex·

419 2959 500 3020 tunc
522 2953 633 3020 omnia
655 2951 722 3017 alia
743 2951 934 3036 hujusmodi
956 2951 1069 3018 debita
1091 2974 1133 3018 ex
1156 2953 1218 3019 tali
1240 2973 1338 3018 causa
1353 2951 1470 3020 talium

420 3054 592 3121 hominum
616 3059 652 3120 et
675 3054 871 3130 tenentium,
887 3058 957 3130 eta,
973 3052 1157 3140 praehabite
1179 3055 1370 3120 testimonio
1386 3053 1471 3120 vice·

255 3164 395 3216 noant
420 3155 559 3234 comitis,
575 3161 614 3222 ut
636 3176 745 3241 supra,
761 3175 821 3242 per
843 3153 1066 3242 calumpniam
1088 3155 1215 3222 domini
1239 3155 1403 3222 libertatis
1418 3154 1472 3220 vel

298 4387 367 4437 An).

285 4457 387 4504 tect-8.

279 4521 390 4571 Eam.

420 3257 491 3343 ejus
512 3256 548 3322 in
569 3256 631 3323 hec
654 3262 749 3343 parte
771 3258 944 3336 attornati,
960 3257 1141 3323 ellocentur
1164 3279 1264 3345 super
1284 3263 1471 3346 compotum

421 3356 622 3424 vicecomitis
645 3357 681 3420 in
705 3357 865 3422 extractis
888 3357 1105 3444 originalibus
1123 3379 1182 3444 per
1196 3379 1279 3443 ques
1293 3357 1472 3424 summoni-

420 3461 528 3526 tiones
552 3465 761 3538 emauerunt,
779 3459 975 3546 antepositis
999 3458 1190 3526 nominibus
1216 3460 1402 3526 debitorum
1427 3459 1473 3526 sic

421 3561 637 3628 alienatorum
665 3560 702 3624 in
729 3561 810 3648 ipsis
841 3561 1001 3628 extractis
1031 3562 1145 3649 aliquo
1172 3567 1262 3630 certo
1286 3562 1390 3650 signo,
1415 3583 1474 3648 per

422 3663 512 3749 quod
533 3663 704 3728 evidentia
723 3668 885 3750 appareat
907 3662 960 3728 cui
984 3663 1138 3730 allocutio
1160 3663 1233 3751 ipse
1249 3663 1339 3731 iacta
1362 3663 1472 3730 tuerit.

424 3767 468 3831 Et
486 3775 576 3843 tunc,
605 3764 717 3852 quoad
742 3764 856 3831 debita
881 3766 1081 3850 hujusmodi,
1104 3766 1377 3832 summonitiones
1399 3787 1475 3834 can-

423 3867 593 3946 cellentur,
619 3872 679 3933 aut
701 3867 835 3954 penitus
861 3867 1084 3935 adnullantur.
1132 3867 1176 3934 Et
1206 3869 1359 3956 quotiens
1385 3867 1475 3934 vide-

423 3970 516 4036 bitur
539 3969 640 4036 ouriae
672 3968 849 4056 expediens
872 3969 942 4036 fore
964 3993 1025 4056 pro
1052 3971 1141 4060 Rege
1172 3971 1260 4057 quod
1287 3970 1477 4056 inquiretur

423 4073 452 4137 si
482 4071 603 4158 aliquae
638 4069 829 4156 hujusmodi
863 4071 1074 4138 allocationes
1105 4072 1230 4141 fuerint
1266 4072 1377 4138 minue
1413 4071 1476 4138 rite

424 4175 549 4262 petitae,
568 4173 804 4260 inquirantur,l
827 4178 887 4240 etc.
911 4179 946 4239 et
968 4174 1029 4240 fiet
1051 4175 1128 4242 inde
1152 4175 1250 4262 quod,
1272 4181 1334 4242 ete.

472 4375 571 4442 Anno
597 4375 691 4464 regni
708 4374 809 4464 Regis
835 4374 973 4442 Henrici
988 4376 1051 4442 filii
1066 4377 1166 4467 Regis
1190 4377 1354 4444 iohannis
1381 4378 1476 4466 quin·

427 4477 618 4564 quagesima
644 4478 808 4544 secundo:
831 4479 1005 4544 Provisum
1029 4485 1080 4546 est
1103 4502 1161 4568 per
1175 4479 1430 4548 Thesaurarium
1445 4487 1480 4548 et

429 4581 573 4646 Berones
588 4579 629 4646 de
645 4579 815 4648 Seeccario
838 4581 927 4667 quod
947 4582 997 4648 hii
1017 4583 1075 4670 qui
1098 4583 1221 4670 placite
1235 4590 1480 4672 prosequuntur

429 4687 464 4748 et
489 4681 673 4748 defendunt
697 4683 733 4746 in
757 4682 929 4750 Scacrario
952 4683 1112 4752 decaetero
1141 4684 1286 4754 habeant
1309 4686 1380 4754 dies
1403 4687 1478 4754 eub-

759 4843 767 4876 ¹
784 4846 945 4910 inquiratur,
957 4847 989 4909 Q.
1002 4847 1033 4897 R.
1045 4849 1154 4900 Memor.
1279 4889 1282 4894 .
