3584 5746
376 871 441 936 840
506 928 512 939 ,
631 881 735 932 mors
758 879 964 932 nonnosus
987 879 1182 930 sosocssro.
1263 943 1265 952 Ι

479 1055 658 1124 Numanus
681 1071 820 1122 nrrsuu
843 1069 1117 1134 sssrsurrosuu,
1139 1055 1329 1120 tro—oout.

226 1179 325 1298 ¹330&
426 1184 678 1250 Memoraudum
709 1183 799 1270 quod
830 1182 1012 1268 qusintsilus
1042 1203 1125 1248 oorae
1147 1181 1295 1248 oontinst
1320 1179 1429 1268 cxijlb.

328 1282 334 1294 '
380 1311 438 1376 per
460 1287 590 1376 pondus
612 1285 722 1364 Troni,
737 1286 824 1352 siout
845 1285 1034 1352 continetur
1055 1283 1092 1350 in
1112 1279 1368 1372 magn03·rotulo
1387 1285 1429 1350 ds

378 1411 467 1459 anno
491 1388 592 1476 mj⁰
617 1389 717 1478 Regis
750 1388 906 1454 Edwardi
932 1386 994 1452 filii
1024 1385 1124 1474 Bagis
1149 1385 1296 1466 Hestiai,
1319 1386 1429 1454 rotulo

376 1494 519 1582 compoti
535 1493 576 1559 do
591 1491 691 1558 Nova
706 1489 875 1560 Gustuma

250 1809 318 1858 so.
377 1794 427 1860 Iu
441 1793 566 1860 Rotsdo
582 1790 887 1859 Moumoumm
902 1791 943 1858 de
958 1813 1053 1860 ortuo
1067 1791 1270 1880 sonsum
1280 1791 1429 1860 Heus-iot

213 1879 354 1992 5¹3²&ssss
443 1894 523 1982 filis·
536 1893 638 1982 Rupis
659 1893 689 1960 J
686 1892 844 1972 obauratis,
858 1893 901 1960 im
915 1893 1040 1961 ultibus
1054 1893 1167 1962 rotulo
1181 1894 1225 1960 iu
1238 1893 1345 1962 dorso.

423 2033 676 2102 consideratum
692 2039 744 2100 est
754 2055 813 2121 por
824 2033 847 2100 J
848 2033 1032 2100 usticiarios
1042 2035 1132 2120 quod
1146 2034 1291 2121 pretium
1305 2037 1428 2104 ostumi

378 2140 445 2204 sori
476 2139 522 2204 sit
550 2159 640 2218 xxs.;
670 2137 814 2224 pretium
843 2137 965 2202 osturoi
992 2136 1115 2202 mutati
1141 2137 1186 2201 sit
1211 2138 1272 2203 xla.
1329 2139 1428 2206 Etsi

384 2245 559 2305 austureus
596 2259 688 2304 sorus
722 2255 790 2304 non
820 2237 978 2303 reddatur
1007 2237 1115 2323 primo
1144 2257 1240 2316 anno,
1271 2238 1307 2304 in
1340 2259 1429 2305 anno

380 2341 531 2428 sequenti
547 2341 677 2406 dioatur
691 2344 726 2405 ot
740 2337 898 2406 reddatur
913 2343 1070 2404 mutatus.

206 2768 361 2883 ‘iffsiili'
616 2765 912 2832 MEMORANDA
942 2765 1032 2832 PRO
1064 2766 1193 2834 REGE.

425 2909 676 2976 Memorandum
700 2909 790 2994 quod
811 2906 912 2974 bravo
930 2907 972 2972 ds
994 2928 1114 2996 magno
1136 2907 1246 2995 sigillo
1268 2908 1428 2976 dirootum

381 3011 598 3078 Thesaurario
624 3014 659 3075 et
682 3008 868 3074 Beronibus
891 3009 932 3074 ds
955 3009 1101 3074 remedio
1122 3010 1316 3096 apponendo
1331 3032 1430 3098 super

379 3112 650 3201 usurpationibus
677 3117 712 3176 et
726 3110 1049 3198 appropriationibus
1072 3111 1170 3177 fantis
1192 3134 1291 3200 super
1305 3113 1429 3200 Regem

378 3239 438 3305 per
471 3217 619 3282 diversos
658 3215 695 3278 in
725 3213 864 3279 diversis
893 3213 1023 3279 forestis
1063 3214 1193 3301 Angliae
1228 3220 1303 3302 post
1336 3237 1428 3282 aron·

382 3319 526 3384 tationes
553 3317 600 3382 eis
627 3317 732 3382 factas
762 3337 821 3402 per
850 3314 924 3379 illos
954 3315 1012 3401 qui
1043 3315 1178 3381 fuerunt
1204 3318 1363 3405 assignati
1387 3319 1430 3383 ad

380 3420 609 3496 arentandum,
618 3425 688 3496 oto,
700 3423 750 3483 est
765 3419 854 3482 inter
867 3416 1074 3483 Communia
1089 3417 1130 3482 de
1145 3439 1232 3484 anno
1248 3419 1428 3486 undecimo.

426 3743 678 3810 Memorandum
701 3743 789 3829 quod
811 3743 912 3810 bravo
931 3744 971 3809 ds
994 3765 1115 3832 magno
1137 3745 1246 3833 sigillo
1268 3747 1429 3816 directum

385 3846 601 3914 'thesaurario
628 3851 663 3912 st
689 3845 875 3911 Batonibus
903 3845 944 3911 do
961 3845 1099 3931 justicia
1113 3847 1264 3915 facienda
1278 3851 1431 3918 omnibus

326 4007 332 4020 .
382 3950 536 4037 prosequi
550 3947 739 4014 volantibus
761 3947 804 4012 ad
827 3945 1042 4027 Soaooarium,
1056 3970 1124 4016 non
1138 3949 1347 4019 obstantibus
1369 3956 1430 4020 ali-

385 4052 506 4139 quibus
528 4050 695 4116 mandotis
717 4049 758 4115 ds
773 4071 895 4138 magno
910 4071 968 4116 seu
983 4051 1117 4138 privato
1131 4053 1258 4140 sigiliis,
1273 4061 1324 4122 est
1343 4057 1430 4122 inter

389 4153 598 4222 Communia
612 4154 654 4218 ds
668 4174 756 4218 anno
779 4152 1092 4220 undecimo-Inter
1113 4155 1238 4222 Brevia
1261 4155 1430 4226 Michaelis
1533 4235 1536 4243 ,

382 4257 454 4343 xj⁰.¹

430 4512 527 4588 Item,
541 4510 791 4576 memorandum
805 4511 893 4597 quod
913 4510 1012 4577 bravo
1035 4513 1077 4577 ds
1099 4513 1231 4599 priuato
1254 4516 1362 4605 sigillo
1381 4519 1430 4584 di-

386 4618 512 4681 rectum
528 4613 550 4678 J
551 4613 674 4678 ohanni
689 4614 730 4678 do
745 4612 889 4678 Sandals
905 4635 1011 4701 nuper
1029 4613 1246 4684 Thesaurario
1260 4622 1349 4706 quod
1364 4643 1430 4687 non

557 4787 566 4820 ¹
581 4789 634 4838 The
646 4788 696 4839 last
706 4788 766 4839 four
776 4791 858 4840 words
870 4805 912 4842 are
923 4806 939 4840 a
951 4791 1015 4842 inter
1027 4789 1149 4844 insertion
1160 4791 1187 4844 in
1197 4795 1252 4848 MS.
