3598 5752
612 879 717 933 nura
739 881 877 936 auarus
899 882 946 935 on
968 885 1164 938 soaocsruo.
1325 865 1410 936 1053

359 1067 394 1132 in
407 1073 480 1135 toto
495 1091 599 1157 regno
609 1070 741 1158 Angliae
755 1094 793 1138 ac
808 1077 882 1138 tota
898 1073 1062 1139 Hibernia
1077 1074 1238 1140 decimam
1260 1075 1410 1140 omnium
1429 1075 1496 1127 A.1›.
1511 1082 1583 1130 1³⁰2·

357 1171 648 1239 ecclesiasticorum
687 1175 855 1240 redituum
886 1182 921 1241 et
950 1181 1174 1262 proventuum
1200 1176 1339 1262 pridem,
1369 1181 1409 1242 ut

355 1276 451 1353 nosti,
466 1297 528 1362 pro
543 1277 699 1342 oneribus
725 1284 760 1342 ct
772 1279 1025 1344 necessitatibus
1048 1278 1192 1344 ecclesiae
1219 1283 1408 1344 memorata

355 1378 398 1444 ad
424 1378 606 1444 triennium
629 1379 822 1444 duxerimus
843 1380 1095 1466 imponendam:
1119 1379 1190 1445 Nos
1205 1379 1354 1446 volentes
1371 1385 1409 1446 ut

355 1485 394 1547 tu
408 1481 445 1546 in
467 1483 587 1548 effectu
610 1482 772 1570 percipias
799 1484 887 1569 quod
903 1506 981 1570 erga
1004 1489 1038 1550 te
1060 1485 1148 1570 gerit
1173 1484 1209 1549 in
1228 1483 1291 1550 hac
1315 1490 1409 1570 parte

355 1589 476 1650 nostras
491 1585 612 1651 mentis
627 1585 774 1662 affectus,
790 1591 824 1650 et
850 1585 1011 1674 eligentes
1025 1587 1136 1672 potius
1159 1587 1195 1652 in
1217 1587 1409 1674 nobisipsis

356 1709 452 1776 cgere
480 1693 521 1754 ut
550 1697 715 1774 oportuna
744 1689 808 1754 tibi
838 1711 939 1776 super
968 1689 1030 1758 hoc
1060 1712 1234 1777 possumus
1259 1691 1410 1756 subsidia

356 1791 590 1868 ministremus,
629 1791 841 1857 medietatem
884 1793 990 1858 totius
1041 1791 1235 1878 hujusmodi
1273 1793 1409 1860 decima

354 1893 589 1980 praedictorum
625 1894 728 1958 trium
759 1917 921 1960 annorum
938 1895 1001 1960 tibi
1026 1895 1063 1959 in
1080 1895 1272 1980 hujusmodi
1299 1895 1407 1962 suble-

356 1997 523 2063 vationem
546 2001 740 2082 sumptuum
756 2001 790 2062 et
805 1997 957 2063 laborum
974 1998 1186 2082 praesentium
1209 1999 1408 2064 auctoritate

357 2100 563 2165 concedimus
590 2099 631 2164 de
655 2101 766 2187 gratia
790 2100 933 2184 speciali.
980 2100 1156 2187 Reliquam
1181 2123 1259 2166 vero
1284 2101 1408 2167 medie·

357 2207 459 2268 tatem
481 2202 578 2292 nobis
601 2207 635 2268 ct
665 2201 808 2268 ecclesia
830 2203 1014 2288 praelibatae
1044 2224 1213 2268 remanere
1244 2203 1406 2279 volumus,

354 2327 414 2390 pro
429 2305 552 2370 nostris
567 2304 689 2390 atejus
711 2305 866 2370 oneribus
882 2311 916 2370 et
932 2305 1184 2370 necessitatibus
1199 2306 1407 2391 supradictis.

355 2407 400 2471 Et
423 2429 496 2473 ecoe
511 2406 694 2472 venerabili
717 2407 815 2472 fratri
835 2411 949 2472 nostro
965 2407 1127 2494 Episcopo
1142 2413 1176 2473 et
1202 2407 1323 2473 dilecto
1338 2407 1408 2473 filio

355 2510 513 2599 magistro
538 2509 780 2576 Bartholomaeo
799 2510 840 2575 de
866 2509 1056 2587 Ferentino,
1072 2509 1228 2576 canonico
1243 2508 1408 2575 Londoni-

355 2612 435 2689 ensi,
465 2612 633 2699 pradictus
669 2611 900 2677 collectoribus
927 2611 1062 2677 decimae
1089 2612 1214 2689 damus,
1238 2633 1297 2698 per
1326 2611 1409 2677 alias

355 2713 484 2781 litteras
514 2719 655 2792 nostras,
669 2715 706 2778 in
729 2713 905 2791 mandatis,
920 2719 960 2780 ut
981 2714 1171 2799 hujusmodi
1195 2713 1407 2780 medictatem

354 2817 418 2884 tibi
440 2839 626 2883 muccosum
648 2822 719 2882 tam
746 2815 899 2894 collectae,
914 2816 1078 2893 videlicet,
1094 2838 1194 2902 quam
1217 2816 1409 2904 colligenda

354 2921 570 3008 imposterum
596 2919 730 2985 deoimae
752 2917 935 3005 praelibatae
957 2919 1021 2984 tibi
1038 2919 1093 2983 vel
1118 2918 1325 3004 procuratori
1349 2939 1407 2984 scu

354 3021 622 3108 procuratoribus
644 3021 713 3086 tuis
736 3021 902 3106 assignare
924 3024 1109 3106 procurent.
1156 3019 1207 3084 Tu
1229 3021 1343 3106 itaque
1359 3020 1409 3084 fili

355 3125 521 3204 carissime
536 3125 583 3190 sic
598 3124 642 3190 ad
657 3146 697 3189 ea
712 3144 786 3208 quac
802 3123 925 3188 divina
940 3123 1107 3208 majestati
1134 3122 1359 3209 complaceant
1374 3127 1409 3188 et

355 3227 489 3294 honoris
527 3231 562 3293 et
592 3225 807 3292 exaltationis
838 3225 981 3291 ecclesiae
1020 3224 1194 3311 prelibata
1229 3224 1409 3310 respiciant

355 3330 558 3397 incrementa
595 3333 740 3394 mentem
763 3331 856 3392 tuam
880 3326 1004 3414 dirigas
1034 3331 1193 3413 actusque
1224 3325 1409 3392 conformes

355 3433 444 3519 quod
468 3432 557 3519 apud
590 3431 698 3496 Deum
725 3434 760 3494 et
784 3428 933 3494 homines
963 3451 1002 3494 ac
1033 3427 1152 3494 Sedem
1182 3427 1408 3516 Apostolicam

355 3533 577 3600 commendari
601 3533 721 3610 valeas,
746 3536 780 3597 et
802 3531 1018 3617 amplioribus
1041 3531 1152 3598 attolli
1178 3529 1349 3596 favoribus
1371 3530 1408 3594 in

355 3637 424 3703 tuis
439 3636 725 3724 oportunitatibus
739 3633 904 3700 merearis.
936 3633 1026 3698 Data
1036 3632 1277 3710 Laterancnsis,
1288 3637 1407 3718 quarto

356 3739 437 3805 Idus
453 3739 578 3818 Martii,
593 3738 809 3806 Pontificatus
824 3736 931 3803 nostri
946 3757 1033 3803 anno
1049 3740 1174 3804 octavo

708 4077 1054 4090 ffl—

255 4365 301 4415 F0·
315 4371 337 4416 ί·
402 4362 561 4430 Clemens
579 4361 769 4448 Episcopus,
786 4379 903 4424 servus
917 4375 1089 4422 servorum
1104 4353 1179 4434 Dei,
1188 4352 1357 4420 canssimo
1372 4353 1409 4420 in
1426 4361 1579 4414 A.D.1aoo.

356 4465 492 4534 Christo
514 4464 585 4530 filio
608 4462 783 4539 Eduardo,
806 4461 889 4548 Regi
904 4458 1089 4545 Anglorum
1116 4457 1250 4536 illustri,
1266 4457 1408 4524 salutem

356 4579 390 4640 et
404 4572 630 4661 Apostolicam
645 4567 918 4638 benedictionem.
963 4563 1160 4630 serenitatis
1171 4567 1239 4632 tuae
1253 4564 1410 4652 proecolsa

357 4676 491 4743 devotio
515 4697 575 4762 per
601 4695 701 4761 quam
724 4672 909 4738 Romanam
936 4666 1116 4746 ecclesiam,
1142 4672 1282 4733 matrem
1306 4673 1410 4746 tuam,

357 4779 499 4846 honoras
523 4775 712 4844 reverentia
726 4773 821 4840 filiali
836 4774 937 4861 digne
952 4773 1082 4838 nostros
1098 4769 1223 4836 excitat
1245 4771 1410 4858 cogitatus
