3598 5752
618 923 721 976 emsa
744 923 882 978 suanus
905 927 951 976 nn
974 925 1169 980 seuuemo.
1302 881 1307 890 ¹
1336 907 1422 975 1025

377 1102 481 1164 terras
496 1120 572 1164 suas
587 1104 621 1166 et
637 1105 827 1166 tenementa
842 1100 882 1166 de
893 1106 1013 1166 caetero
1028 1100 1230 1177 tenentibus,
1239 1099 1325 1184 quod
1337 1098 1423 1162 viee-
1481 1097 1549 1147 AJ).

377 1221 481 1266 eomes
498 1201 570 1267 ses
586 1201 1067 1288 {suspensissimum
1088 1203 1189 1266 uns
1212 1202 1253 1266 ue
1276 1200 1373 1265 rens
1390 1203 1425 1264 el
1468 1165 1561 1214 ¹²⁷⁶⁶·

376 1303 502 1368 catallis
517 1325 630 1370 eorum
645 1305 785 1390 singulis
800 1306 895 1370 annis
911 1305 1155 1391 imperpetuum
1170 1303 1213 1368 ed
1229 1302 1424 1367 solvendum

376 1406 531 1491 praedicto
547 1407 680 1472 domino
697 1406 780 1493 Regi
796 1407 850 1471 vel
865 1407 1051 1472 haeredibus
1067 1407 1135 1471 suis
1151 1405 1194 1471 ad
1217 1405 1425 1470 Scnerarium

376 1508 578 1593 praedictum,
593 1509 756 1586 videlicet,
767 1531 868 1574 unam
884 1509 1096 1574 medietatem
1112 1509 1154 1573 ad
1170 1509 1293 1572 festum
1309 1505 1424 1572 Sancti
1529 1523 1531 1528 ·

376 1610 553 1687 Michaelis,
568 1616 603 1677 et
618 1611 719 1678 aliam
735 1612 947 1678 medietatem
963 1612 1005 1676 ad
1023 1611 1156 1688 Pascha,
1169 1610 1309 1696 singulis
1319 1609 1425 1687 annis,

376 1713 627 1800 imperpetuum.
684 1715 730 1779 Et
744 1713 832 1800 quod
849 1716 922 1800 ipsa
937 1719 972 1780 et
996 1713 1142 1780 haeredes
1157 1713 1210 1778 sui
1227 1712 1422 1798 praedictum

375 1815 483 1881 Adam
499 1820 533 1882 et
549 1817 696 1883 haeredes
718 1838 795 1881 suos
817 1818 871 1882 vel
887 1839 963 1882 suos
979 1818 1172 1904 assignatos,
1189 1837 1303 1879 versus
1320 1814 1424 1879 domi-

377 1940 456 1984 num
466 1919 590 2006 Regem
606 1924 640 1985 et
654 1918 801 1986 haeredes
817 1940 901 1996 suos,
918 1924 1080 2005 quantum
1098 1919 1140 1983 ad
1156 1918 1277 1984 dictam
1295 1917 1424 1982 firmam

378 2021 643 2088 warantizabunt
686 2028 721 2087 et
766 2021 977 2108 indempnem
1022 2021 1264 2087 conservabunt
1306 2019 1425 2104 imper·

375 2128 521 2210 petuum.
635 2207 636 2212 ἵ

398 2383 459 2451 DE
490 2384 673 2453 OFFIOIO
706 2384 987 2451 uAMuRARIAE
1021 2371 1273 2450 RESTITUTO
1298 2383 1403 2450 ADAE
1445 2409 1510 2460 A».
1525 2412 1599 2462 rare.

725 2487 785 2552 DE
817 2485 1093 2552 STRATTONE.

420 2614 670 2681 Memorandum
708 2615 795 2699 quod
835 2615 887 2679 die
926 2615 1081 2680 Mercurii
1120 2616 1155 2678 in
1193 2613 1278 2680 festo
1309 2614 1423 2680 Sancti

377 2716 545 2784 Edmundi
573 2715 785 2792 Ooufessoris,
800 2737 888 2782 anuo
913 2717 1006 2802 regni
1034 2717 1136 2804 Regis
1167 2717 1322 2781 Edwardi
1360 2716 1420 2802 viij

376 2818 574 2907 incipiente‚¹
597 2824 759 2885 venerunt
783 2819 826 2883 ed
848 2818 1054 2884 Scaccarium
1071 2818 1240 2884 Johannes
1266 2820 1306 2884 de
1323 2819 1426 2894 Vesci,

377 2922 465 2988 Otho
494 2923 536 2987 de
567 2922 782 2998 Grandison0,
813 2929 847 2986 et
876 2921 1043 2987 Antonius
1081 2920 1154 2986 Bek
1193 2927 1227 2986 et
1258 2922 1294 2986 in
1329 2921 1428 3007 pleno

377 3028 553 3105 Susceario,
568 3051 610 3094 ex
625 3033 720 3115 parte
736 3027 862 3092 domini
887 3027 996 3115 Regis,
1011 3028 1316 3114 pronuntiaverunt
1339 3029 1426 3115 quod

376 3131 463 3198 idem
478 3132 632 3197 dominus
649 3130 722 3196 Rex
736 3129 884 3196 reddidit
909 3130 992 3195 Adae
1020 3130 1061 3195 de
1087 3130 1259 3196 Strattone
1284 3130 1426 3196 officium

378 3234 586 3310 Camerariae,
611 3233 701 3318 quod
726 3253 833 3319 nuper
863 3237 996 3319 ceperat
1026 3232 1061 3296 in
1091 3255 1226 3298 manum
1250 3255 1343 3298 suam
1367 3256 1427 3320 pro

377 3336 574 3424 quibusdam
601 3335 918 3422 transgressionibus
949 3335 1055 3400 eidem
1086 3335 1169 3401 Adae
1196 3335 1367 3423 impositis,
1393 3341 1428 3401 et
1497 3368 1501 3377 ·

377 3440 597 3527 injunxerunt
617 3437 842 3513 Thessurario‚
858 3460 900 3502 ex
915 3435 1031 3522 parte²
1054 3437 1190 3502 Domini
1215 3437 1323 3524 Regis,
1339 3437 1427 3523 quod

378 3544 567 3609 restitueret
582 3541 689 3607 eidem
704 3541 787 3605 Adae
803 3539 998 3627 praedictum
1015 3538 1156 3604 officium
1178 3561 1252 3604 eum
1275 3540 1427 3606 omuibus

379 3645 447 3711 suis
458 3645 592 3732 juribus
601 3643 896 3710 consuetudinibus
906 3646 941 3706 et
949 3641 1024 3706 aliis
1034 3642 1275 3726 pertinentibus
1292 3643 1426 3727 quihus-

379 3769 537 3836 cumqu03
561 3746 741 3813 tenendum
769 3745 833 3810 sibi
860 3750 894 3810 et
909 3744 1096 3808 haercdibus
1117 3745 1185 3808 suis
1210 3745 1292 3810 adeo
1316 3745 1427 3821 libere,

378 3856 498 3941 quiete,
512 3853 730 3930 haereditarie,
745 3852 827 3917 bene
844 3851 928 3916 etin
945 3873 1024 3938 pace
1050 3851 1147 3915 sicuti
1173 3850 1256 3916 illud
1282 3851 1427 3936 quietius

379 3970 413 4027 et
428 3963 557 4048 plenius
572 3961 608 4025 in
624 3960 697 4024 vita
716 3980 777 4024 sua
803 3958 922 4034 tenuit,
940 3968 999 4022 aut
1032 3957 1171 4023 isabella
1196 3958 1236 4022 de
1264 3958 1428 4038 Fortibus,

381 4064 558 4131 Comitissa
573 4063 793 4139 Albemarliae,
812 4061 919 4125 illud³
942 4061 1088 4146 quietius
1111 4065 1145 4125 et
1168 4060 1303 4125 liberius
1318 4061 1428 4126 tenuit

380 4173 526 4255 tempore
550 4187 619 4244 sue,
643 4163 697 4230 vel
720 4170 940 4229 antecessores
963 4163 1015 4228 sui
1038 4168 1227 4228 tenuerunt.

424 4271 469 4335 Et
495 4267 673 4356 praedictus
699 4267 808 4331 Adam
840 4265 952 4351 posuit
981 4266 1052 4330 loeo
1076 4287 1136 4330 suo
1168 4265 1349 4331 Henricum
1387 4267 1428 4332 de

382 4373 565 4450 Strettone,
591 4371 731 4436 fratrem
770 4390 876 4445 suum,
910 4369 953 4432 ad
990 4367 1130 4434 officium
1172 4390 1267 4433 suum
1298 4392 1359 4456 pro
1390 4392 1429 4436 eo

382 4475 569 4540 faciendum
601 4471 643 4536 ed
676 4469 883 4536 Scaccarium
915 4470 1086 4557 Receptae3
1124 4471 1182 4555 qui
1212 4492 1356 4556 praesens
1385 4473 1428 4537 ad

415 4687 673 4752 ¹renuo—incipiente
709 4684 883 4736 interlineated
963 4682 1019 4734 ’ere
1043 4689 1119 4749 purte
1150 4684 1268 4750 qudam,
1294 4687 1324 4736 L.
1346 4689 1375 4737 T.
1397 4687 1429 4738 R.
1529 4687 1535 4702 '

383 4765 408 4817 iu
430 4769 488 4820 MS.
507 4767 558 4818 aud
576 4765 683 4818 omitted
703 4764 729 4814 in
748 4764 778 4814 L.
799 4763 832 4812 Τ.
851 4763 883 4813 Κ
931 4762 1037 4814 hlemor.

382 4847 490 4899 Memor.
964 4839 974 4872 ³
987 4839 1062 4890 illiud
1073 4841 1098 4890 in
1111 4842 1164 4891 MS.
