3598 5752
580 857 683 908 emur
706 858 845 909 nunnus
867 859 914 908 nn
938 858 1134 908 sessorem.
1293 841 1381 912 1017

323 1030 498 1108 Monceuls,
536 1031 717 1098 domicellae
753 1033 902 1118 ejusdem
932 1032 1126 1111 Comitissae‚
1159 1039 1193 1098 et
1230 1033 1378 1120 plurium
1396 1049 1465 1100 Al).
1480 1054 1552 1099 ress.

323 1133 462 1200 eliorum
478 1135 520 1200 de
535 1133 662 1200 familie
678 1135 871 1211 Comitissae,
888 1141 1014 1201 certem
1039 1135 1131 1200 illem
1157 1135 1238 1201 fecit
1261 1135 1378 1222 legere,

323 1242 358 1302 et
372 1258 393 1302 a
408 1238 567 1324 proedicto
577 1238 756 1304 Comitiese
771 1238 928 1323 quaesivit
943 1239 971 1302 si
987 1239 1089 1304 vellet
1105 1238 1194 1324 qnod
1209 1244 1302 1304 certe
1318 1241 1378 1306 ille

322 1340 386 1404 sub
411 1339 469 1404 ille
494 1339 603 1407 forme
634 1342 839 1429 signaretur;
873 1362 947 1426 quae
979 1339 1068 1404 dixit
1099 1342 1188 1426 quod
1219 1341 1272 1406 sic.
1332 1340 1377 1407 Et

322 1443 479 1528 precepit
497 1443 664 1530 prsedictae
687 1443 808 1530 Agneti
832 1442 921 1528 quod
941 1443 1087 1530 sigillum
1111 1464 1207 1508 suum
1232 1442 1377 1509 deferret

323 1544 367 1608 nd
398 1549 523 1610 mrtem
551 1544 643 1609 illem
669 1544 946 1632 consignandam
977 1546 1065 1629 quod
1090 1546 1136 1610 sie
1161 1543 1288 1609 fectum
1317 1551 1374 1609 est.

327 1645 409 1711 Post
432 1646 527 1730 cujus
550 1647 843 1730 consignationem,
869 1647 904 1711 in
939 1647 1117 1733 praesentio
1143 1647 1376 1734 praedictorum

323 1747 452 1824 fectum,
484 1747 598 1814 eedem
631 1747 809 1815 eomitissa
846 1749 988 1815 tradidit
1025 1748 1184 1835 praedioto
1215 1749 1376 1835 Episcopo

323 1849 512 1934 predictam
541 1855 667 1916 certum
692 1859 726 1916 et
751 1852 905 1917 seisinom
933 1852 1168 1937 praedictorum
1193 1851 1316 1916 Insulae
1341 1857 1376 1915 et

323 1951 544 2016 maneriorum
568 1953 604 2016 in
629 1953 786 2038 proedieto
812 1959 905 2018 certe
929 1960 1169 2030 contentorum,
1196 1953 1232 2016 in
1259 1973 1376 2017 uranus

323 2053 427 2139 ipsius
442 2053 603 2139 Episcopi,
616 2055 748 2118 nomine
758 2053 884 2119 domini
896 2053 1006 2140 Regis,
1016 2059 1051 2119 et
1062 2054 1105 2120 od
1121 2075 1203 2140 opus
1219 2053 1375 2138 ejusdem,

323 2175 383 2240 per
412 2155 567 2220 ciroteces
598 2156 702 2242 ipsius
743 2157 905 2243 Episcopi,
935 2178 1017 2242 quae
1057 2158 1172 2222 eedem
1198 2154 1376 2222 Oomitissn

322 2257 359 2321 in
373 2277 509 2324 monum
523 2279 616 2324 suem
633 2259 752 2334 tenuit,
769 2281 811 2324 ex
827 2281 918 2324 mere
932 2260 1107 2325 voluntate
1123 2279 1192 2336 suo,
1208 2263 1242 2323 et
1257 2266 1375 2350 sponte

322 2358 475 2425 reddidit.
522 2361 566 2426 Et
581 2368 703 2447 postea,
719 2361 806 2426 circa
831 2365 944 2426 horem
968 2362 1112 2438 tertiam,
1128 2361 1262 2447 quando
1285 2361 1374 2426 idem

324 2460 505 2548 Episcopus
528 2463 575 2528 sic
598 2469 782 2540 recesserat,
798 2463 910 2528 eadem
928 2461 1107 2529 Comitisse
1129 2464 1175 2528 sic
1199 2462 1372 2549 requievit
1439 2529 1443 2536 ,

323 2563 368 2626 Et
398 2569 510 2648 posteo
540 2564 628 2629 idem
655 2562 759 2628 freter
782 2563 969 2630 Willelmus
1001 2571 1078 2651 post
1104 2564 1220 2629 horam
1252 2586 1373 2628 nouom

322 2653 454 2752 rogavit
469 2665 659 2752 praedictum
676 2666 887 2733 Oomitissem
908 2667 997 2753 quod
1018 2671 1255 2732 testamentum
1277 2688 1374 2732 suum

322 2766 451 2833 fuceret.
498 2767 579 2847 Quae
595 2769 766 2855 respondit
789 2769 877 2854 quod
897 2769 1013 2834 si1ita
1038 2768 1182 2855 fatigato
1201 2768 1268 2834 fuit
1286 2769 1374 2854 quod

323 2869 465 2934 multum
481 2869 653 2944 laboraret,
669 2870 810 2936 timebat
828 2870 891 2936 sibi
912 2892 971 2956 per
993 2870 1055 2936 hoc
1075 2869 1208 2957 gravari
1231 2870 1374 2934 multum

322 2978 358 3036 et
388 2970 560 3036 debilitari.
608 2972 668 3038 Set
697 2977 813 3059 posteo,
841 2973 915 3058 ipse
945 2969 1123 3037 Comitisse
1153 2976 1229 3058 post
1260 2972 1375 3036 horum

324 3075 574 3161 vesper[erum],
598 3075 707 3162 ipsum
734 3075 873 3140 fratrem
897 3073 1111 3140 Willemum²
1141 3074 1302 3160 requisitu
1333 3074 1374 3139 de

322 3177 435 3242 eodem
459 3176 620 3254 leniendo,
645 3177 727 3244 iecit
749 3182 984 3243 testamentum
1007 3197 1104 3242 suum
1131 3181 1166 3241 et
1187 3176 1375 3242 nominevit
1428 3247 1429 3250 ,

322 3301 381 3366 per
405 3279 526 3365 digitos
558 3300 634 3344 euos
665 3285 856 3345 executores
881 3300 981 3356 suos;
1016 3277 1181 3356 videlicet,
1206 3278 1374 3343 Abbutem

323 3381 364 3446 de
380 3383 552 3462 Querrero,
567 3381 708 3468 priorem
732 3381 773 3446 de
791 3381 992 3457 Brommore,
1010 3381 1155 3446 Priorem
1179 3379 1220 3446 de
1236 3379 1374 3446 Cristes·

322 3483 463 3562 chirche,
475 3483 661 3550 Gilbertum
679 3483 719 3548 de
731 3482 907 3562 Knoville;
931 3489 965 3548 et
980 3483 1027 3548 sic
1042 3482 1187 3570 fatigate
1201 3481 1373 3568 requievit.

324 3584 368 3650 Et
379 3590 493 3670 postea
508 3605 566 3670 per
577 3583 710 3668 aliquod
721 3591 851 3670 tempus
862 3583 942 3649 fecit
950 3583 1184 3649 communicari
1196 3604 1255 3669 per
1264 3582 1374 3670 ipsum

323 3685 462 3752 fratrem
486 3685 689 3750 Willelmum
714 3685 842 3752 adhoc
869 3685 1055 3751 faciendum
1082 3684 1283 3750 revestitum.
1331 3684 1376 3750 'Et

324 3794 394 3854 toto
409 3795 555 3874 tempore
571 3787 727 3874 praedicto
748 3793 820 3852 emt
842 3787 937 3852 bonne
952 3792 986 3852 et
1001 3809 1090 3853 ennee
1113 3788 1284 3852 memoriae.
1332 3783 1376 3852 ut.

324 3896 438 3976 postes
453 3891 539 3955 inter
554 3889 695 3956 medinm
711 3894 840 3956 noctem
856 3895 891 3954 et
906 3910 1059 3954 auroram
1075 3889 1298 3975 ex[s]pirevi't.

682 4077 813 4085 ——m—

368 4193 529 4259 Rioerdus
537 4191 826 4270 deAstone‚miles,
832 4191 915 4257 dicit
924 4191 1010 4276 quod
1022 4191 1091 4276 ipse
1101 4189 1169 4254 fuit
1179 4188 1376 4254 senescallus

324 4294 459 4382 hospitii
470 4293 758 4361 dioteeoomitissae
768 4316 825 4380 per
834 4313 990 4380 magnum
1005 4298 1135 4377 tempus
1147 4296 1225 4356 ente
1235 4297 1374 4356 mortem

326 4407 476 4482 suamet
492 4403 591 4476 tunc;
608 4401 641 4461 et
658 4396 746 4482 quod
762 4394 945 4481 perdecem
963 4415 1067 4458 ennos
1089 4393 1278 4479 etamplius
1293 4415 1375 4479 pree·

328 4496 470 4562 locutum
492 4497 556 4562 suit
579 4498 669 4562 inter
685 4497 857 4562 dominum
872 4495 999 4582 Regem
1015 4503 1049 4559 et
1072 4494 1179 4579 ipsum
1203 4495 1244 4558 de
1266 4494 1375 4560 reddi-

327 4597 415 4664 tione
424 4597 784 4686 preediotorumlnsulae
794 4604 828 4663 et
836 4597 1146 4671 maneriorumcnm
1157 4595 1377 4681 pertinentiis,

362 4760 370 4791 ¹
387 4761 452 4825 quod
473 4761 511 4812 itu
530 4797 535 4811 .
555 4799 561 4812 .
579 4799 585 4811 .
603 4761 671 4826 quod
692 4763 716 4810 si
740 4762 767 4811 in
790 4760 828 4810 lo·
905 4759 916 4792 ²
934 4759 1082 4810 Willelmum
1093 4757 1271 4810 interlineuted
1281 4759 1307 4809 in
1320 4761 1376 4811 MS.

331 4839 424 4904 qundo
435 4839 544 4892 multum.
579 4841 648 4891 Pleo.
661 4841 727 4892 Purl.
1222 4907 1241 4970 2

1176 4921 1198 4968 0
1223 4923 1231 4937 .
