3548 5754
310 935 313 942 Ι
407 853 472 924 970
661 873 762 921 arnan
786 869 925 922 emaus
947 871 995 920 ne
1018 871 1214 921 scaccanro.

238 1255 390 1308 All-1³⁹¹·
410 1247 667 1318 PROCESSUS
695 1247 756 1312 DE
785 1245 913 1312 MODO
941 1245 1206 1313 ALLOOANDI
1238 1243 1463 1311 DIVERSAS

259 1349 305 1398 1³⁰·
318 1350 374 1398 2⁷⁷·
499 1349 777 1416 LIBERTATES
824 1347 1088 1414 MAGNATUM
1131 1347 1276 1414 REGNI
1316 1347 1464 1414 SUPER

502 1455 740 1524 OOMPOTOS
764 1454 1110 1523 ἯΟΕΟΟΜΙΤΠΜ.ι

457 1625 621 1692 Dominus
648 1599 721 1690 Rex
746 1623 920 1689 mandavit
944 1623 999 1688 hic
1025 1624 1125 1689 breve
1157 1643 1255 1688 suum
1280 1621 1321 1688 de
1346 1641 1466 1709 magno

412 1728 523 1817 sigillo
539 1728 627 1814 quod
657 1731 707 1793 est
731 1727 819 1790 inter
836 1725 1045 1790 Oonsmunio
1068 1726 1108 1790 dc
1131 1746 1219 1790 anno
1243 1724 1332 1810 xriij⁰
1346 1725 1383 1788 in
1397 1724 1467 1790 haec

413 1832 515 1897 verba
527 1855 579 1896 :-

459 1946 677 2022 “Edwardua
686 1944 748 2010 Dei
756 1945 872 2031 gratia,
887 1943 959 2009 Rex
969 1944 1107 2030 Anglioe,
1118 1943 1280 2010 Dominus
1290 1943 1469 2016 Hibernia.

415 2057 434 2088 “
456 2055 491 2116 et
517 2049 596 2114 Dux
620 2047 819 2133 Aquitania,
838 2046 1057 2112 'thesaurario
1077 2051 1111 2112 et
1135 2046 1320 2112 Batonibus
1338 2047 1408 2112 suis
1427 2044 1469 2110 de

415 2161 432 2188 “
456 2152 634 2228 Scaccario,
650 2151 801 2216 salutem.

460 2263 477 2288 “
493 2252 730 2341 supplicarunt
744 2251 840 2318 nobis
862 2250 992 2338 prelati,
1010 2251 1153 2331 comites,
1170 2253 1316 2333 barones,
1332 2257 1367 2319 et
1384 2273 1471 2318 com·

416 2365 433 2392 “
456 2356 603 2421 munitas
618 2354 713 2442 regni
728 2352 833 2418 nostri
857 2374 918 2439 per
932 2352 1126 2439 petitionem
1143 2375 1237 2418 suam
1252 2375 1360 2420 coram
1376 2352 1471 2420 nobis

416 2465 434 2494 ‘¹
458 2464 492 2524 et
516 2455 652 2524 oonsilio
678 2461 792 2522 nostro
818 2455 854 2519 in
877 2455 996 2520 ultimo
1018 2455 1238 2542 parliamento
1254 2463 1367 2522 nostro
1382 2455 1470 2542 apud

417 2570 434 2596 “
457 2558 789 2625 westmonasterium
817 2557 942 2634 habito,
969 2556 1174 2638 exhibitam3
1197 2564 1236 2625 ut
1263 2581 1337 2624 cum
1361 2559 1471 2646 plures

418 2673 436 2700 ‘¹
458 2685 571 2730 eorum
597 2683 657 2748 per
680 2665 787 2727 cartas
812 2661 1060 2748 progenitorum
1084 2666 1282 2741 nostrorum,
1306 2662 1471 2749 quondam

419 2776 436 2802 “
457 2787 572 2854 regum
598 2763 739 2852 Angliae,
761 2771 796 2829 et
818 2769 959 2842 nostras,
986 2763 1133 2830 habeant
1156 2771 1190 2830 et
1221 2765 1408 2854 percipiant
1431 2767 1471 2832 de

421 2879 436 2904 “
459 2867 650 2933 hominibus
681 2871 716 2932 at
746 2866 938 2931 tenentibus
976 2865 1046 2930 suis
1083 2867 1350 2947 amerciamenta,
1380 2869 1472 2944 fines,

421 2981 437 3006 “
461 2968 582 3036 catalla
608 2967 757 3034 telenum
782 2974 816 3032 et
847 2966 1077 3053 fugitivorum,
1108 2973 1143 3032 et
1173 2969 1240 3034 alia
1271 2969 1402 3050 debita3
1439 2975 1474 3036 et

423 3071 698 3138 “nichilominus
731 3068 845 3134 eadem
883 3069 1147 3148 amerciamenta,
1169 3070 1261 3148 fines,
1291 3073 1411 3138 catalla
1441 3080 1474 3139 et

423 3185 439 3210 “
463 3173 576 3240 debita
591 3176 728 3238 currant
743 3171 778 3235 in
794 3171 1044 3236 summonitioni
1061 3171 1224 3238 Scacccrii
1240 3175 1343 3240 nostri
1360 3197 1474 3242 versus

423 3287 440 3313 “
464 3277 613 3343 homines
638 3281 672 3340 at
702 3278 854 3339 tenentes
881 3272 955 3338 illos
985 3273 1109 3358 absque
1140 3276 1252 3362 aliqua
1281 3279 1474 3346 allocutione

424 3393 441 3420 “
465 3383 563 3448 dictis
599 3381 741 3446 dominis
775 3379 853 3444 inde
890 3379 1051 3456 facienda,
1078 3380 1122 3445 ad
1156 3404 1310 3468 magnam
1342 3407 1475 3473 oppres-

426 3496 441 3522 “
465 3487 589 3551 sionem
609 3482 723 3572 populi
746 3481 869 3562 nostri;
893 3481 1053 3548 vallemus
1074 3505 1175 3570 super
1205 3485 1266 3551 hoc
1291 3487 1472 3554 remedium

426 3600 442 3626 “
466 3589 631 3666 adhibere,
644 3609 682 3652 ac
696 3608 757 3673 per
772 3607 831 3651 nos
847 3585 1062 3651 etconsilium
1079 3595 1229 3653 nostrum
1245 3593 1476 3658 concordatum

427 3701 443 3727 “
467 3692 585 3756 fuisset
616 3688 705 3774 quod
738 3709 837 3774 super
873 3687 1064 3773 hujusmodi
1102 3688 1313 3757 libertatibus
1346 3695 1477 3761 debitus

428 3809 443 3834 ‘⁴
467 3818 636 3885 processus
660 3818 718 3882 per
740 3817 799 3860 vos
823 3795 891 3871 fiat,
907 3800 942 3858 et
965 3794 1053 3879 quod
1068 3801 1144 3881 post
1159 3797 1385 3866 allocutionem
1403 3803 1479 3867 inda

428 3911 444 3937 “
470 3901 592 3967 factam
608 3898 752 3963 dominis
767 3896 959 3983 hujusmodi
975 3897 1177 3978 libertatum,
1194 3901 1245 3965 illi
1260 3911 1480 3971 exonerentur

428 4012 447 4041 “
470 4026 585 4070 versus
600 4023 660 4068 nos
675 4002 733 4087 qui
754 4023 812 4087 per
836 4001 919 4065 eules
935 4000 1145 4068 allocationes
1160 4004 1234 4068 aliis
1249 4008 1482 4094 assignantur;

430 4117 447 4145 ‘¹
470 4107 565 4173 vobis
588 4104 784 4170 mandamus
807 4103 895 4189 quod
919 4102 1038 4168 dilecto
1054 4109 1089 4168 et
1104 4104 1193 4170 fideli
1209 4114 1322 4175 nostro
1338 4110 1479 4194 Thomae,

430 4223 446 4250 “
472 4213 595 4280 comiti
619 4210 819 4276 Lancastriae
842 4209 1032 4295 hujusmodi
1056 4211 1227 4278 libertates
1243 4237 1328 4293 suas,
1343 4219 1408 4283 sibi
1423 4239 1482 4305 per

431 4325 449 4352 “
473 4337 533 4380 noa
563 4318 624 4379 aut
660 4312 887 4399 progenitores
925 4317 1054 4376 nostros
1092 4333 1269 4395 concessas,
1301 4339 1375 4404 quaa
1417 4320 1480 4385 sibi

469 4486 542 4536 ¹'rhe
561 4483 693 4548 following
712 4481 824 4532 addition
841 4489 868 4531 to
884 4479 935 4530 this
956 4502 959 4543 ι
979 4481 1099 4542 videlicet,
1112 4487 1178 4534 inter
1195 4486 1315 4538 Ileocrda
1332 4447 1482 4542 determino

435 4564 600 4628 headinghas
610 4564 673 4612 been
682 4561 793 4611 inserted
801 4561 936 4610 inamuch
982 4559 1152 4612 Pacchoerot.
1165 4567 1215 4628 apl&

435 4647 499 4695 later
510 4643 578 4692 baud
588 4639 747 4691 e-Hahitras
764 4644 937 4688 stannatum
1014 4639 1067 4688 'she
1084 4640 1196 4706 heading
1212 4643 1238 4692 in
1256 4645 1320 4706 Qu.
1338 4647 1446 4698 Memor.
1462 4648 1483 4698 is

435 4725 462 4774 in
481 4719 653 4772 Memorandic
670 4719 700 4768 de
717 4735 782 4768 cano
800 4719 867 4782 aiter
886 4717 939 4766 Rc·
985 4717 1122 4769 Procesruc
1132 4723 1223 4786 seclus
1240 4723 1272 4772 de
1288 4724 1483 4777 allocutionibus

434 4801 475 4868 pis
491 4796 618 4850 Edwards·
633 4795 689 4860 filii
706 4795 785 4860 Repir
806 4794 939 4854 Eduardt
982 4794 1265 4866 libertatumsaciendis.
