3584 5746
394 889 460 953 844
634 901 737 950 rmus
760 901 898 952 currus
922 901 968 950 on
992 899 1188 952 scscclmo.

638 1073 869 1140 Mruonmnn
891 1090 957 1139 rso
980 1073 1207 1142 Ruor-coct

223 1210 290 1262 AD.
305 1211 377 1264 mo.
394 1202 586 1270 vicecomiti
612 1223 686 1268 cum
710 1202 785 1266 eliis
808 1199 1127 1267 commonitionibus.
1175 1199 1219 1266 Et
1241 1201 1337 1268 finito
1360 1223 1445 1268 com-

393 1311 473 1392 poto
495 1304 630 1370 secundi
652 1304 741 1382 enni,
761 1303 940 1391 exiguntur
963 1303 1076 1368 ecdem
1100 1303 1214 1369 debita
1237 1304 1323 1370 sicut
1345 1304 1444 1390 prius.

394 1407 439 1474 Et
463 1408 491 1472 si
514 1405 702 1474 vicecomes
724 1405 850 1491 uliquid
873 1405 1034 1492 receperit
1057 1406 1099 1470 de
1121 1405 1289 1492 praedictis
1316 1406 1446 1484 debitis,

393 1515 475 1576 tunc
505 1508 691 1596 deponetur
720 1508 833 1575 litters
863 1506 905 1574 D.
929 1512 964 1573 et
993 1507 1159 1574 scribatur
1188 1507 1376 1594 Respondet
1402 1507 1445 1574 im

394 1609 502 1678 σκιικηο1
525 1609 676 1690 ommlt;
699 1614 733 1676 et
754 1607 804 1674 ibi
826 1608 1014 1675 scribantur
1034 1609 1147 1676 csdcm
1172 1610 1294 1688 debite,
1311 1616 1345 1676 et
1368 1610 1445 1675 inde

393 1713 624 1800 scquictentur
638 1712 811 1777 debitores.
858 1709 904 1776 Et
918 1711 982 1776 istc
998 1710 1078 1776 ordo
1093 1711 1134 1777 de
1150 1717 1267 1778 caetero
1287 1718 1445 1777 servetur.

394 1814 466 1881 Nos
496 1815 601 1903 igitur
627 1813 818 1900 praedictum
850 1811 991 1879 formam
1022 1814 1236 1880 concedentes
1266 1820 1300 1880 et
1331 1836 1447 1902 oppro-

393 1919 520 1995 bentes,
546 1905 642 1983 vobis
669 1916 865 1982 mandamus
892 1916 980 2002 quod
1002 1917 1037 1981 in
1060 1917 1235 2004 scripturis
1261 1917 1445 1984 rotulorum

393 2025 580 2086 nostrorum
607 2025 642 2084 ct
665 2018 826 2105 compotis
847 2019 1015 2104 praedictis
1037 2019 1220 2098 audiendis,
1243 2021 1330 2086 sicut
1353 2020 1445 2085 vobis

393 2122 512 2188 melius
544 2122 698 2187 videritis
731 2121 893 2207 expedire,
934 2122 1114 2188 secundum
1152 2127 1301 2188 tenorem
1332 2121 1445 2188 formoe

392 2225 560 2312 praedictae
590 2225 631 2290 de
661 2228 778 2291 caetero
809 2224 1001 2310 procedatis.
1062 2224 1104 2289 In
1134 2225 1229 2311 cujus
1266 2227 1314 2290 rei
1351 2227 1444 2292 testi-

393 2329 551 2404 monium,
584 2327 645 2393 hus
676 2327 804 2392 litteras
834 2331 964 2392 nostrus
995 2327 1067 2390 fieri
1105 2326 1245 2392 fecimus
1280 2333 1442 2414 patentes.

393 2431 500 2510 Teste,
515 2435 585 2507 etc,
601 2430 647 2515 xij
665 2429 719 2494 die
736 2428 917 2505 Februarii,
932 2450 1019 2494 enno
1035 2428 1154 2514 liiijt0.”

393 2785 454 2852 ΒΕ
486 2781 805 2852 SEPARATIONE
832 2781 1070 2850 FACIENDA
1101 2781 1153 2846 IN
1192 2783 1447 2851 EXTRACTIS

481 2885 875 2956 JUSTIOIARIORUM
898 2885 959 2951 DE
991 2885 1172 2951 DEBITIS
1195 2887 1258 2950 AD
1290 2886 1446 2952 REGEM

481 2987 838 3066 SPECTANTIBUS,
878 2989 910 3054 A
957 2987 1139 3054 DEBITIS
1179 2987 1448 3056 SPEOTANTI·

482 3091 570 3158 BUS
600 3091 664 3156 AD
702 3089 847 3156 ALIOS.

438 3231 511 3298 Rex
556 3213 758 3298 Justicisriis
807 3231 876 3296 suis
925 3230 1167 3297 Itineruntibus
1205 3230 1243 3325 ln
1286 3232 1446 3298 comitetu

394 3336 536 3417 Rsssxae,
567 3335 716 3401 sulutem.
779 3333 867 3414 Quia
897 3333 995 3400 certis
1026 3333 1067 3397 de
1098 3334 1205 3398 crusis
1236 3332 1389 3399 volumus
1412 3343 1447 3400 ot

392 3438 600 3526 providimus
616 3437 701 3522 quod
719 3436 743 3503 J
744 3436 905 3502 usticicrii
917 3435 1023 3500 nostri
1036 3434 1232 3521 quicunque,
1242 3435 1278 3500 in
1287 3436 1446 3504 extructis

393 3544 462 3606 suis
477 3540 638 3608 faciendis
649 3540 690 3605 de
700 3539 847 3605 exitibus
858 3538 1017 3604 itinerum
1029 3560 1087 3603 seu
1099 3537 1240 3602 eliorum
1250 3537 1446 3624 placitorum

394 3649 591 3722 nostrorum,
606 3644 648 3708 ud
664 3664 738 3729 quae
752 3641 918 3708 audienda
933 3647 968 3708 et
983 3641 1192 3706 terminando
1214 3663 1270 3706 eos
1285 3642 1445 3728 assignari

393 3747 580 3836 contigerit,
618 3745 746 3813 iscicnt
782 3746 824 3810 de
861 3749 982 3810 caetero
1024 3743 1280 3810 declarationem
1318 3745 1446 3822 finium,

393 3851 731 3925 cmcrcismentorum‚
747 3855 782 3912 et
799 3847 940 3912 eliorum
956 3847 1145 3911 debitorum
1167 3851 1355 3912 nostrorum
1372 3867 1446 3932 quss

393 3953 436 4017 cd
460 3974 520 4018 nos
545 3951 709 4038 pertinere
736 3949 866 4026 debent,
881 3950 1136 4036 provenentium
1168 3947 1210 4014 dc
1232 3948 1332 4033 hujus
1357 3949 1446 4015 modi

394 4053 570 4123 itineribus
584 4057 619 4119 et
628 4051 770 4139 placitis,
781 4057 816 4117 et
826 4052 1068 4138 separationem
1084 4049 1125 4115 de
1140 4050 1262 4116 eisdem
1279 4073 1300 4115 c
1314 4050 1446 4130 finibus,

393 4155 665 4232 amercicmentis,
683 4158 716 4220 et
733 4153 854 4218 debitis
871 4173 945 4238 qum
960 4153 1083 4216 diversi
1093 4152 1238 4217 clament
1250 4153 1370 4218 hebere
1386 4174 1446 4239 per

394 4260 565 4325 libertates
595 4255 770 4324 Osrtorum
798 4257 1074 4343 praedecessorum
1099 4262 1287 4320 nostrorum
1316 4255 1445 4344 Regum

395 4361 533 4449 Angliae,
550 4382 632 4446 quus
655 4359 733 4424 inde
756 4358 891 4436 hubent,
908 4363 947 4424 ut
964 4357 1088 4424 dicunt.
1128 4357 1230 4422 Vobis
1249 4357 1446 4422 mandamus

394 4461 483 4548 quod
499 4463 536 4526 in
551 4462 709 4528 extructis
724 4481 807 4546 ques
823 4461 863 4524 de
879 4459 1025 4524 exitibus
1037 4458 1172 4523 Itineris
1182 4459 1285 4524 vestri
1296 4458 1446 4545 praedicti

394 4564 514 4632 secturi
538 4564 626 4640 estis,
648 4563 740 4639 fines,
755 4561 1019 4638 umercicmentu‚
1036 4565 1070 4625 et
1088 4560 1155 4625 aliu
1177 4560 1290 4626 debita
1304 4581 1379 4644 quae
1401 4559 1445 4624 sd

393 4689 453 4738 nos
475 4668 642 4755 pertinere
657 4665 788 4743 debent,
807 4664 963 4730 distincte
979 4668 1014 4728 et
1028 4667 1143 4749 aperte
1158 4685 1305 4730 scorsum
1321 4661 1443 4728 irrotu-

676 4805 680 4814 “
726 4827 902 4878 ¹Ss'cinms.
933 4825 1105 4878 securum.
