<?xml version="1.0" encoding="UTF-8"?>
<!DOCTYPE html PUBLIC "-//W3C//DTD XHTML 1.0 Transitional//EN"
    "http://www.w3.org/TR/xhtml1/DTD/xhtml1-transitional.dtd">
<html xmlns="http://www.w3.org/1999/xhtml" xml:lang="en" lang="en">
 <head>
  <title>
</title>
<meta http-equiv="Content-Type" content="text/html;charset=utf-8" />
  <meta name='ocr-system' content='tesseract 3.04.00' />
  <meta name='ocr-capabilities' content='ocr_page ocr_carea ocr_par ocr_line ocrx_word'/>
</head>
<body>
  <div class='ocr_page' id='page_1' title='image "./redbookexcheque00hallgoog_0283.png"; bbox 0 0 3548 5754; ppageno 0'>
   <div class='ocr_carea' id='block_1_1' title="bbox 532 903 1352 972">
    <p class='ocr_par' dir='ltr' id='par_1_1' title="bbox 532 903 1352 972">
     <span class='ocr_line' id='line_1_1' title="bbox 532 903 1352 972; baseline -0.001 -2"><span class='ocrx_word' id='word_1_1' title='bbox 532 921 635 971; x_wconf 80' lang='lat' dir='ltr'>nrnnn</span> <span class='ocrx_word' id='word_1_2' title='bbox 657 922 794 971; x_wconf 82' lang='lat' dir='ltr'>nunnus</span> <span class='ocrx_word' id='word_1_3' title='bbox 817 919 864 970; x_wconf 82' lang='lat' dir='ltr'>on</span> <span class='ocrx_word' id='word_1_4' title='bbox 887 921 1083 971; x_wconf 63' lang='lat' dir='ltr'>succesum.</span> <span class='ocrx_word' id='word_1_5' title='bbox 1288 903 1352 972; x_wconf 84' lang='lat'>975</span> 
     </span>
    </p>
   </div>
   <div class='ocr_carea' id='block_1_2' title="bbox 303 1092 1526 1185">
    <p class='ocr_par' dir='ltr' id='par_1_2' title="bbox 303 1092 1526 1185">
     <span class='ocr_line' id='line_1_2' title="bbox 303 1092 1526 1185; baseline -0.006 -24"><span class='ocrx_word' id='word_1_6' title='bbox 303 1097 417 1162; x_wconf 87' lang='lat' dir='ltr'>ultimo</span> <span class='ocrx_word' id='word_1_7' title='bbox 432 1096 620 1182; x_wconf 76' lang='lat' dir='ltr'>die&#39;Aprilis</span> <span class='ocrx_word' id='word_1_8' title='bbox 631 1119 719 1162; x_wconf 77' lang='lat' dir='ltr'>enno</span> <span class='ocrx_word' id='word_1_9' title='bbox 730 1097 824 1185; x_wconf 85' lang='lat' dir='ltr'>regni</span> <span class='ocrx_word' id='word_1_10' title='bbox 842 1096 942 1184; x_wconf 82' lang='lat' dir='ltr'>Regis</span> <span class='ocrx_word' id='word_1_11' title='bbox 958 1094 1114 1161; x_wconf 76' lang='lat' dir='ltr'>Edwardi</span> <span class='ocrx_word' id='word_1_12' title='bbox 1132 1093 1233 1182; x_wconf 82' lang='lat' dir='ltr'><strong>[xxj].</strong></span> <span class='ocrx_word' id='word_1_13' title='bbox 1280 1145 1287 1160; x_wconf 91' lang='lat'><em>.</em></span> <span class='ocrx_word' id='word_1_14' title='bbox 1334 1092 1354 1159; x_wconf 83' lang='lat'>‚¹</span> <span class='ocrx_word' id='word_1_15' title='bbox 1372 1101 1526 1157; x_wconf 55' lang='lat' dir='ltr'>nosnos.</span> 
     </span>
    </p>
   </div>
   <div class='ocr_carea' id='block_1_3' title="bbox 250 1195 1444 4444">
    <p class='ocr_par' dir='ltr' id='par_1_3' title="bbox 250 1195 1444 4444">
     <span class='ocr_line' id='line_1_3' title="bbox 303 1195 1353 1283; baseline -0.003 -20"><span class='ocrx_word' id='word_1_16' title='bbox 303 1197 397 1278; x_wconf 84' lang='lat' dir='ltr'>Quod</span> <span class='ocrx_word' id='word_1_17' title='bbox 431 1197 672 1264; x_wconf 82' lang='lat' dir='ltr'>&#39;I&#39;liescurerius</span> <span class='ocrx_word' id='word_1_18' title='bbox 711 1196 873 1264; x_wconf 79' lang='lat' dir='ltr'>Scecosrii</span> <span class='ocrx_word' id='word_1_19' title='bbox 911 1198 1062 1283; x_wconf 74' lang='lat' dir='ltr'>praedicti</span> <span class='ocrx_word' id='word_1_20' title='bbox 1103 1195 1243 1261; x_wconf 90' lang='lat' dir='ltr'>Dublini</span> <span class='ocrx_word' id='word_1_21' title='bbox 1281 1217 1353 1283; x_wconf 88' lang='lat' dir='ltr'>per·</span> 
     </span>
     <span class='ocr_line' id='line_1_4' title="bbox 302 1299 1353 1387; baseline -0.004 -21"><span class='ocrx_word' id='word_1_22' title='bbox 302 1300 401 1387; x_wconf 83' lang='lat' dir='ltr'>cipiet</span> <span class='ocrx_word' id='word_1_23' title='bbox 431 1322 492 1386; x_wconf 90' lang='lat' dir='ltr'>per</span> <span class='ocrx_word' id='word_1_24' title='bbox 523 1321 647 1366; x_wconf 81' lang='lat' dir='ltr'>annum</span> <span class='ocrx_word' id='word_1_25' title='bbox 674 1321 735 1385; x_wconf 92' lang='lat' dir='ltr'>pro</span> <span class='ocrx_word' id='word_1_26' title='bbox 760 1299 858 1366; x_wconf 87' lang='lat' dir='ltr'>feodo</span> <span class='ocrx_word' id='word_1_27' title='bbox 896 1320 955 1366; x_wconf 90' lang='lat' dir='ltr'>suo</span> <span class='ocrx_word' id='word_1_28' title='bbox 989 1299 1047 1364; x_wconf 85' lang='lat' dir='ltr'>xll.</span> <span class='ocrx_word' id='word_1_29' title='bbox 1083 1299 1170 1366; x_wconf 91' lang='lat' dir='ltr'>sicut</span> <span class='ocrx_word' id='word_1_30' title='bbox 1197 1299 1255 1364; x_wconf 82' lang='lat' dir='ltr'>elii</span> <span class='ocrx_word' id='word_1_31' title='bbox 1282 1319 1353 1385; x_wconf 90' lang='lat' dir='ltr'>per-</span> 
     </span>
     <span class='ocr_line' id='line_1_5' title="bbox 302 1401 1354 1489; baseline -0.003 -21"><span class='ocrx_word' id='word_1_32' title='bbox 302 1403 407 1489; x_wconf 87' lang='lat' dir='ltr'>cipere</span> <span class='ocrx_word' id='word_1_33' title='bbox 422 1407 671 1468; x_wconf 84' lang='lat' dir='ltr'>consueverunt.</span> <span class='ocrx_word' id='word_1_34' title='bbox 720 1401 945 1468; x_wconf 81' lang='lat' dir='ltr'>Cancellarius</span> <span class='ocrx_word' id='word_1_35' title='bbox 972 1402 1119 1489; x_wconf 87' lang='lat' dir='ltr'>ejusdcm</span> <span class='ocrx_word' id='word_1_36' title='bbox 1138 1401 1300 1468; x_wconf 78' lang='lat' dir='ltr'>Sescoarii</span> <span class='ocrx_word' id='word_1_37' title='bbox 1348 1453 1354 1466; x_wconf 85' lang='lat'><strong>.</strong></span> 
     </span>
     <span class='ocr_line' id='line_1_6' title="bbox 353 1504 1354 1592; baseline -0.002 -22"><span class='ocrx_word' id='word_1_38' title='bbox 353 1553 360 1570; x_wconf 90' lang='lat'><strong>.</strong></span> <span class='ocrx_word' id='word_1_39' title='bbox 406 1555 413 1571; x_wconf 91' lang='lat'><strong>.</strong></span> <span class='ocrx_word' id='word_1_40' title='bbox 460 1504 481 1570; x_wconf 52' lang='grc' dir='ltr'>,ὓ</span> <span class='ocrx_word' id='word_1_41' title='bbox 510 1505 703 1570; x_wconf 84' lang='lat' dir='ltr'>invenietur</span> <span class='ocrx_word' id='word_1_42' title='bbox 726 1505 814 1590; x_wconf 93' lang='lat' dir='ltr'>quod</span> <span class='ocrx_word' id='word_1_43' title='bbox 846 1505 956 1570; x_wconf 89' lang='lat' dir='ltr'>minus</span> <span class='ocrx_word' id='word_1_44' title='bbox 986 1506 1132 1592; x_wconf 88' lang='lat' dir='ltr'>recipere</span> <span class='ocrx_word' id='word_1_45' title='bbox 1162 1505 1354 1582; x_wconf 89' lang='lat' dir='ltr'>consuevit;</span> 
     </span>
     <span class='ocr_line' id='line_1_7' title="bbox 302 1605 1356 1693; baseline -0.001 -22"><span class='ocrx_word' id='word_1_46' title='bbox 302 1611 335 1671; x_wconf 89' lang='lat' dir='ltr'>et</span> <span class='ocrx_word' id='word_1_47' title='bbox 363 1607 391 1671; x_wconf 92' lang='lat' dir='ltr'>si</span> <span class='ocrx_word' id='word_1_48' title='bbox 418 1605 474 1682; x_wconf 90' lang='lat' dir='ltr'>sic,</span> <span class='ocrx_word' id='word_1_49' title='bbox 498 1606 558 1673; x_wconf 81' lang='lat' dir='ltr'>fiat</span> <span class='ocrx_word' id='word_1_50' title='bbox 583 1607 670 1673; x_wconf 90' lang='lat' dir='ltr'>sicut</span> <span class='ocrx_word' id='word_1_51' title='bbox 701 1607 899 1692; x_wconf 77' lang='lat' dir='ltr'>antiquitus,</span> <span class='ocrx_word' id='word_1_52' title='bbox 921 1629 990 1672; x_wconf 82' lang='lat' dir='ltr'>une</span> <span class='ocrx_word' id='word_1_53' title='bbox 1029 1629 1103 1674; x_wconf 91' lang='lat' dir='ltr'>cum</span> <span class='ocrx_word' id='word_1_54' title='bbox 1128 1606 1224 1673; x_wconf 83' lang='lat' dir='ltr'>feodo</span> <span class='ocrx_word' id='word_1_55' title='bbox 1254 1605 1356 1693; x_wconf 75' lang='lat' dir='ltr'>sigilli</span> 
     </span>
     <span class='ocr_line' id='line_1_8' title="bbox 302 1707 1356 1794; baseline 0.002 -22"><span class='ocrx_word' id='word_1_56' title='bbox 302 1707 446 1792; x_wconf 88' lang='lat' dir='ltr'>ejusdem</span> <span class='ocrx_word' id='word_1_57' title='bbox 462 1708 634 1774; x_wconf 81' lang='lat' dir='ltr'>Scnccsrii.</span> <span class='ocrx_word' id='word_1_58' title='bbox 681 1707 758 1774; x_wconf 90' lang='lat' dir='ltr'>Duo</span> <span class='ocrx_word' id='word_1_59' title='bbox 776 1709 923 1773; x_wconf 79' lang='lat' dir='ltr'>Berones</span> <span class='ocrx_word' id='word_1_60' title='bbox 944 1708 985 1773; x_wconf 89' lang='lat' dir='ltr'>ds</span> <span class='ocrx_word' id='word_1_61' title='bbox 1001 1707 1187 1792; x_wconf 79' lang='lat' dir='ltr'>[Scscosrio</span> <span class='ocrx_word' id='word_1_62' title='bbox 1202 1709 1356 1794; x_wconf 90' lang='lat' dir='ltr'>uterque]</span> 
     </span>
     <span class='ocr_line' id='line_1_9' title="bbox 302 1809 1356 1897; baseline -0.001 -23"><span class='ocrx_word' id='word_1_63' title='bbox 302 1831 348 1874; x_wconf 82' lang='lat' dir='ltr'>xx</span> <span class='ocrx_word' id='word_1_64' title='bbox 363 1831 498 1875; x_wconf 78' lang='lat' dir='ltr'>merces.</span> <span class='ocrx_word' id='word_1_65' title='bbox 544 1809 796 1874; x_wconf 80' lang='lat' dir='ltr'>Reuremerctor</span> <span class='ocrx_word' id='word_1_66' title='bbox 812 1809 975 1875; x_wconf 86' lang='lat' dir='ltr'>Scecccrii</span> <span class='ocrx_word' id='word_1_67' title='bbox 991 1809 1143 1896; x_wconf 76' lang='lat' dir='ltr'>praedicti</span> <span class='ocrx_word' id='word_1_68' title='bbox 1158 1830 1356 1897; x_wconf 79' lang='lat' dir='ltr'>perannum</span> 
     </span>
     <span class='ocr_line' id='line_1_10' title="bbox 303 1909 1357 2000; baseline -0.005 -22"><span class='ocrx_word' id='word_1_69' title='bbox 303 1933 341 1978; x_wconf 83' lang='lat' dir='ltr'>cs.</span> <span class='ocrx_word' id='word_1_70' title='bbox 358 1918 392 1977; x_wconf 89' lang='lat' dir='ltr'>et</span> <span class='ocrx_word' id='word_1_71' title='bbox 407 1934 468 2000; x_wconf 88' lang='lat' dir='ltr'>pro</span> <span class='ocrx_word' id='word_1_72' title='bbox 493 1910 574 1976; x_wconf 79' lang='lat' dir='ltr'>robe</span> <span class='ocrx_word' id='word_1_73' title='bbox 600 1931 661 1976; x_wconf 84' lang='lat' dir='ltr'>suc</span> <span class='ocrx_word' id='word_1_74' title='bbox 685 1931 745 1996; x_wconf 90' lang='lat' dir='ltr'>per</span> <span class='ocrx_word' id='word_1_75' title='bbox 773 1931 897 1976; x_wconf 79' lang='lat' dir='ltr'>annum</span> <span class='ocrx_word' id='word_1_76' title='bbox 906 1910 920 1996; x_wconf 91' lang='lat' dir='ltr'>j</span> <span class='ocrx_word' id='word_1_77' title='bbox 945 1909 1113 1976; x_wconf 78' lang='lat' dir='ltr'>marcem.³</span> <span class='ocrx_word' id='word_1_78' title='bbox 1157 1911 1233 1976; x_wconf 91' lang='lat' dir='ltr'>Duo</span> <span class='ocrx_word' id='word_1_79' title='bbox 1249 1910 1357 1976; x_wconf 89' lang='lat' dir='ltr'>clerici</span> 
     </span>
     <span class='ocr_line' id='line_1_11' title="bbox 304 2011 1358 2098; baseline -0.002 -20"><span class='ocrx_word' id='word_1_80' title='bbox 304 2014 480 2079; x_wconf 73' lang='lat' dir='ltr'>scribentes</span> <span class='ocrx_word' id='word_1_81' title='bbox 510 2011 793 2089; x_wconf 79' lang='lat' dir='ltr'>summonitiones,</span> <span class='ocrx_word' id='word_1_82' title='bbox 825 2016 965 2098; x_wconf 88' lang='lat' dir='ltr'>uterque</span> <span class='ocrx_word' id='word_1_83' title='bbox 992 2034 1106 2078; x_wconf 88' lang='lat' dir='ltr'>eorum</span> <span class='ocrx_word' id='word_1_84' title='bbox 1139 2033 1198 2097; x_wconf 88' lang='lat' dir='ltr'>per</span> <span class='ocrx_word' id='word_1_85' title='bbox 1224 2033 1358 2089; x_wconf 80' lang='lat' dir='ltr'>annum,</span> 
     </span>
     <span class='ocr_line' id='line_1_12' title="bbox 303 2112 1357 2199; baseline 0.001 -22"><span class='ocrx_word' id='word_1_86' title='bbox 303 2114 325 2199; x_wconf 87' lang='lat' dir='ltr'>ij</span> <span class='ocrx_word' id='word_1_87' title='bbox 352 2136 485 2182; x_wconf 80' lang='lat' dir='ltr'>merces.</span> <span class='ocrx_word' id='word_1_88' title='bbox 533 2114 609 2178; x_wconf 91' lang='lat' dir='ltr'>Duo</span> <span class='ocrx_word' id='word_1_89' title='bbox 633 2112 748 2179; x_wconf 83' lang='lat' dir='ltr'>scribae</span> <span class='ocrx_word' id='word_1_90' title='bbox 776 2112 831 2197; x_wconf 92' lang='lat' dir='ltr'>[de</span> <span class='ocrx_word' id='word_1_91' title='bbox 856 2112 1050 2198; x_wconf 81' lang='lat' dir='ltr'>Scsccerio],</span> <span class='ocrx_word' id='word_1_92' title='bbox 1076 2121 1217 2199; x_wconf 90' lang='lat' dir='ltr'>uterque</span> <span class='ocrx_word' id='word_1_93' title='bbox 1244 2134 1357 2178; x_wconf 89' lang='lat' dir='ltr'>eorum</span> 
     </span>
     <span class='ocr_line' id='line_1_13' title="bbox 303 2213 1357 2303; baseline -0.004 -21"><span class='ocrx_word' id='word_1_94' title='bbox 303 2217 443 2303; x_wconf 75' lang='lat' dir='ltr'>percipit</span> <span class='ocrx_word' id='word_1_95' title='bbox 452 2216 489 2280; x_wconf 88' lang='lat' dir='ltr'>in</span> <span class='ocrx_word' id='word_1_96' title='bbox 498 2213 625 2292; x_wconf 69' lang='lat' dir='ltr'>dievd„</span> <span class='ocrx_word' id='word_1_97' title='bbox 636 2219 750 2300; x_wconf 79' lang='lat' dir='ltr'>aperto</span> <span class='ocrx_word' id='word_1_98' title='bbox 761 2214 948 2294; x_wconf 79' lang='lat' dir='ltr'>Scscoerio;</span> <span class='ocrx_word' id='word_1_99' title='bbox 963 2219 997 2280; x_wconf 90' lang='lat' dir='ltr'>et</span> <span class='ocrx_word' id='word_1_100' title='bbox 1008 2215 1151 2301; x_wconf 89' lang='lat' dir='ltr'>quilibet</span> <span class='ocrx_word' id='word_1_101' title='bbox 1162 2237 1275 2281; x_wconf 89' lang='lat' dir='ltr'>eorum</span> <span class='ocrx_word' id='word_1_102' title='bbox 1285 2237 1357 2280; x_wconf 80' lang='lat' dir='ltr'>xxc.</span> 
     </span>
     <span class='ocr_line' id='line_1_14' title="bbox 303 2314 1358 2404; baseline -0.004 -22"><span class='ocrx_word' id='word_1_103' title='bbox 303 2338 502 2404; x_wconf 78' lang='lat' dir='ltr'>perannum</span> <span class='ocrx_word' id='word_1_104' title='bbox 517 2337 577 2403; x_wconf 87' lang='lat' dir='ltr'>pro</span> <span class='ocrx_word' id='word_1_105' title='bbox 593 2316 675 2382; x_wconf 78' lang='lat' dir='ltr'>robe</span> <span class='ocrx_word' id='word_1_106' title='bbox 690 2337 758 2382; x_wconf 81' lang='lat' dir='ltr'>sus.</span> <span class='ocrx_word' id='word_1_107' title='bbox 804 2314 995 2382; x_wconf 83' lang='lat' dir='ltr'>Hostiarius</span> <span class='ocrx_word' id='word_1_108' title='bbox 1010 2317 1184 2403; x_wconf 85' lang='lat' dir='ltr'>utriusque</span> <span class='ocrx_word' id='word_1_109' title='bbox 1197 2315 1358 2382; x_wconf 84' lang='lat' dir='ltr'>Scecccrii</span> 
     </span>
     <span class='ocr_line' id='line_1_15' title="bbox 304 2420 1358 2511; baseline -0.002 -22"><span class='ocrx_word' id='word_1_110' title='bbox 304 2424 443 2511; x_wconf 85' lang='lat' dir='ltr'>percipit</span> <span class='ocrx_word' id='word_1_111' title='bbox 457 2424 494 2487; x_wconf 93' lang='lat' dir='ltr'>in</span> <span class='ocrx_word' id='word_1_112' title='bbox 510 2423 573 2499; x_wconf 88' lang='lat' dir='ltr'>die,</span> <span class='ocrx_word' id='word_1_113' title='bbox 585 2420 634 2508; x_wconf 86' lang='lat' dir='ltr'>jol.</span> <span class='ocrx_word' id='word_1_114' title='bbox 680 2421 798 2508; x_wconf 84' lang='lat' dir='ltr'>[item]</span> <span class='ocrx_word' id='word_1_115' title='bbox 822 2422 910 2486; x_wconf 87' lang='lat' dir='ltr'>idem</span> <span class='ocrx_word' id='word_1_116' title='bbox 932 2423 1074 2510; x_wconf 87' lang='lat' dir='ltr'>percipit</span> <span class='ocrx_word' id='word_1_117' title='bbox 1093 2423 1130 2488; x_wconf 93' lang='lat' dir='ltr'>in</span> <span class='ocrx_word' id='word_1_118' title='bbox 1146 2423 1200 2489; x_wconf 91' lang='lat' dir='ltr'>die</span> <span class='ocrx_word' id='word_1_119' title='bbox 1217 2424 1257 2488; x_wconf 88' lang='lat' dir='ltr'>de</span> <span class='ocrx_word' id='word_1_120' title='bbox 1274 2423 1358 2488; x_wconf 90' lang='lat' dir='ltr'>dono</span> 
     </span>
     <span class='ocr_line' id='line_1_16' title="bbox 306 2523 1359 2614; baseline -0.002 -24"><span class='ocrx_word' id='word_1_121' title='bbox 306 2525 412 2614; x_wconf 85' lang='lat' dir='ltr'>Regis,</span> <span class='ocrx_word' id='word_1_122' title='bbox 427 2524 496 2612; x_wconf 79' lang='lat' dir='ltr'>ijcl,</span> <span class='ocrx_word' id='word_1_123' title='bbox 516 2524 557 2611; x_wconf 86' lang='lat' dir='ltr'>de</span> <span class='ocrx_word' id='word_1_124' title='bbox 585 2523 707 2610; x_wconf 92' lang='lat' dir='ltr'>quibus</span> <span class='ocrx_word' id='word_1_125' title='bbox 734 2523 925 2609; x_wconf 80' lang='lat' dir='ltr'>inquiretur</span> <span class='ocrx_word' id='word_1_126' title='bbox 952 2545 1010 2610; x_wconf 89' lang='lat' dir='ltr'>per</span> <span class='ocrx_word' id='word_1_127' title='bbox 1024 2524 1280 2590; x_wconf 82' lang='lat' dir='ltr'>Thescursrium</span> <span class='ocrx_word' id='word_1_128' title='bbox 1297 2525 1359 2589; x_wconf 94' lang='lat' dir='ltr'>Hi-</span> 
     </span>
     <span class='ocr_line' id='line_1_17' title="bbox 305 2625 1360 2717; baseline -0.002 -23"><span class='ocrx_word' id='word_1_129' title='bbox 305 2627 433 2696; x_wconf 86' lang='lat' dir='ltr'>bemies.</span> <span class='ocrx_word' id='word_1_130' title='bbox 481 2627 525 2694; x_wconf 80' lang='lat' dir='ltr'>Et</span> <span class='ocrx_word' id='word_1_131' title='bbox 548 2627 617 2692; x_wconf 91' lang='lat' dir='ltr'>sint</span> <span class='ocrx_word' id='word_1_132' title='bbox 634 2625 793 2692; x_wconf 75' lang='lat' dir='ltr'>decaetero</span> <span class='ocrx_word' id='word_1_133' title='bbox 816 2625 882 2690; x_wconf 91' lang='lat' dir='ltr'>duo</span> <span class='ocrx_word' id='word_1_134' title='bbox 899 2625 1081 2693; x_wconf 77' lang='lat' dir='ltr'>Camerarii</span> <span class='ocrx_word' id='word_1_135' title='bbox 1098 2627 1156 2692; x_wconf 91' lang='lat' dir='ltr'>ubi</span> <span class='ocrx_word' id='word_1_136' title='bbox 1171 2627 1237 2694; x_wconf 82' lang='lat' dir='ltr'>fuit</span> <span class='ocrx_word' id='word_1_137' title='bbox 1252 2628 1360 2717; x_wconf 89' lang='lat' dir='ltr'>primo</span> 
     </span>
     <span class='ocr_line' id='line_1_18' title="bbox 305 2729 1360 2816; baseline -0.001 -20"><span class='ocrx_word' id='word_1_138' title='bbox 305 2752 399 2809; x_wconf 90' lang='lat' dir='ltr'>unus,</span> <span class='ocrx_word' id='word_1_139' title='bbox 415 2732 464 2816; x_wconf 90' lang='lat' dir='ltr'>[et</span> <span class='ocrx_word' id='word_1_140' title='bbox 487 2735 627 2816; x_wconf 88' lang='lat' dir='ltr'>uterque</span> <span class='ocrx_word' id='word_1_141' title='bbox 649 2729 805 2815; x_wconf 89' lang='lat' dir='ltr'>quorum]</span> <span class='ocrx_word' id='word_1_142' title='bbox 830 2729 973 2815; x_wconf 73' lang='lat' dir='ltr'>percipit</span> <span class='ocrx_word' id='word_1_143' title='bbox 996 2751 1062 2794; x_wconf 83' lang='lat' dir='ltr'>xm.</span> <span class='ocrx_word' id='word_1_144' title='bbox 1079 2751 1138 2815; x_wconf 90' lang='lat' dir='ltr'>per</span> <span class='ocrx_word' id='word_1_145' title='bbox 1160 2751 1303 2810; x_wconf 81' lang='lat' dir='ltr'>onnum3</span> <span class='ocrx_word' id='word_1_146' title='bbox 1325 2737 1360 2796; x_wconf 88' lang='lat' dir='ltr'>et</span> 
     </span>
     <span class='ocr_line' id='line_1_19' title="bbox 306 2826 1360 2917; baseline -0.001 -22"><span class='ocrx_word' id='word_1_147' title='bbox 306 2847 391 2896; x_wconf 91' lang='lat' dir='ltr'>unus</span> <span class='ocrx_word' id='word_1_148' title='bbox 407 2832 570 2917; x_wconf 87' lang='lat' dir='ltr'>Receptor</span> <span class='ocrx_word' id='word_1_149' title='bbox 584 2829 642 2916; x_wconf 90' lang='lat' dir='ltr'>qui</span> <span class='ocrx_word' id='word_1_150' title='bbox 659 2828 766 2916; x_wconf 90' lang='lat' dir='ltr'>primo</span> <span class='ocrx_word' id='word_1_151' title='bbox 778 2827 903 2914; x_wconf 88' lang='lat' dir='ltr'>recepit</span> <span class='ocrx_word' id='word_1_152' title='bbox 918 2826 975 2893; x_wconf 84' lang='lat' dir='ltr'>ixl.</span> <span class='ocrx_word' id='word_1_153' title='bbox 993 2829 1043 2914; x_wconf 88' lang='lat' dir='ltr'>ijs.</span> <span class='ocrx_word' id='word_1_154' title='bbox 1059 2828 1127 2915; x_wconf 82' lang='lat' dir='ltr'>vjd.</span> <span class='ocrx_word' id='word_1_155' title='bbox 1145 2852 1203 2915; x_wconf 87' lang='lat' dir='ltr'>per</span> <span class='ocrx_word' id='word_1_156' title='bbox 1217 2852 1360 2910; x_wconf 80' lang='lat' dir='ltr'>annum;</span> 
     </span>
     <span class='ocr_line' id='line_1_20' title="bbox 307 2931 1360 3019; baseline 0.001 -21"><span class='ocrx_word' id='word_1_157' title='bbox 307 2955 444 3019; x_wconf 91' lang='lat' dir='ltr'>quorum</span> <span class='ocrx_word' id='word_1_158' title='bbox 462 2931 724 3000; x_wconf 82' lang='lat' dir='ltr'>Camerariorum</span> <span class='ocrx_word' id='word_1_159' title='bbox 739 2937 879 3017; x_wconf 85' lang='lat' dir='ltr'>uterque</span> <span class='ocrx_word' id='word_1_160' title='bbox 902 2932 1062 3018; x_wconf 83' lang='lat' dir='ltr'>percipiet</span> <span class='ocrx_word' id='word_1_161' title='bbox 1078 2933 1218 3018; x_wconf 89' lang='lat' dir='ltr'>[decem]</span> <span class='ocrx_word' id='word_1_162' title='bbox 1237 2955 1360 2999; x_wconf 78' lang='lat' dir='ltr'>murcos</span> 
     </span>
     <span class='ocr_line' id='line_1_21' title="bbox 306 3032 1359 3121; baseline 0.002 -23"><span class='ocrx_word' id='word_1_163' title='bbox 306 3055 364 3121; x_wconf 87' lang='lat' dir='ltr'>per</span> <span class='ocrx_word' id='word_1_164' title='bbox 378 3055 510 3100; x_wconf 79' lang='lat' dir='ltr'>annum.</span> <span class='ocrx_word' id='word_1_165' title='bbox 550 3032 594 3098; x_wconf 86' lang='lat' dir='ltr'>Et</span> <span class='ocrx_word' id='word_1_166' title='bbox 604 3032 841 3098; x_wconf 84' lang='lat' dir='ltr'>Theseurerius</span> <span class='ocrx_word' id='word_1_167' title='bbox 853 3032 974 3098; x_wconf 78' lang='lat' dir='ltr'>hebent</span> <span class='ocrx_word' id='word_1_168' title='bbox 984 3033 1172 3120; x_wconf 72' lang='lat' dir='ltr'>[decaetero]</span> <span class='ocrx_word' id='word_1_169' title='bbox 1183 3055 1286 3100; x_wconf 90' lang='lat' dir='ltr'>unum</span> <span class='ocrx_word' id='word_1_170' title='bbox 1295 3035 1359 3101; x_wconf 91' lang='lat' dir='ltr'>cle-</span> 
     </span>
     <span class='ocr_line' id='line_1_22' title="bbox 307 3131 1358 3222; baseline 0.001 -22"><span class='ocrx_word' id='word_1_171' title='bbox 307 3136 411 3202; x_wconf 90' lang='lat' dir='ltr'>ricum</span> <span class='ocrx_word' id='word_1_172' title='bbox 420 3156 527 3211; x_wconf 87' lang='lat' dir='ltr'>suum,</span> <span class='ocrx_word' id='word_1_173' title='bbox 539 3154 614 3200; x_wconf 92' lang='lat' dir='ltr'>cum</span> <span class='ocrx_word' id='word_1_174' title='bbox 625 3131 823 3200; x_wconf 77' lang='lat' dir='ltr'>Camerariis</span> <span class='ocrx_word' id='word_1_175' title='bbox 836 3133 1012 3218; x_wconf 71' lang='lat' dir='ltr'>predictis,</span> <span class='ocrx_word' id='word_1_176' title='bbox 1026 3135 1084 3221; x_wconf 92' lang='lat' dir='ltr'>qui</span> <span class='ocrx_word' id='word_1_177' title='bbox 1096 3134 1255 3222; x_wconf 89' lang='lat' dir='ltr'>percipiet</span> <span class='ocrx_word' id='word_1_178' title='bbox 1270 3157 1358 3202; x_wconf 84' lang='lat' dir='ltr'>cmo-</span> 
     </span>
     <span class='ocr_line' id='line_1_23' title="bbox 306 3235 1358 3323; baseline 0.001 -21"><span class='ocrx_word' id='word_1_179' title='bbox 306 3237 455 3303; x_wconf 84' lang='lat' dir='ltr'>do.xlixs.</span> <span class='ocrx_word' id='word_1_180' title='bbox 468 3236 536 3322; x_wconf 75' lang='lat' dir='ltr'>ijo„</span> <span class='ocrx_word' id='word_1_181' title='bbox 547 3235 681 3314; x_wconf 90' lang='lat' dir='ltr'>scilicet,</span> <span class='ocrx_word' id='word_1_182' title='bbox 691 3235 861 3300; x_wconf 89' lang='lat' dir='ltr'>residuum</span> <span class='ocrx_word' id='word_1_183' title='bbox 876 3235 1110 3320; x_wconf 72' lang='lat' dir='ltr'>praedictorum</span> <span class='ocrx_word' id='word_1_184' title='bbox 1128 3236 1198 3322; x_wconf 86' lang='lat' dir='ltr'>[ixl.</span> <span class='ocrx_word' id='word_1_185' title='bbox 1212 3236 1260 3323; x_wconf 85' lang='lat' dir='ltr'>ijs.</span> <span class='ocrx_word' id='word_1_186' title='bbox 1279 3237 1358 3323; x_wconf 77' lang='lat' dir='ltr'>vjc.]</span> 
     </span>
     <span class='ocr_line' id='line_1_24' title="bbox 307 3335 1360 3423; baseline 0 -19"><span class='ocrx_word' id='word_1_187' title='bbox 307 3338 396 3405; x_wconf 82' lang='lat' dir='ltr'>ultre</span> <span class='ocrx_word' id='word_1_188' title='bbox 425 3339 537 3405; x_wconf 88' lang='lat' dir='ltr'>docem</span> <span class='ocrx_word' id='word_1_189' title='bbox 569 3357 696 3404; x_wconf 81' lang='lat' dir='ltr'>merces</span> <span class='ocrx_word' id='word_1_190' title='bbox 726 3335 910 3422; x_wconf 74' lang='lat' dir='ltr'>praedieus,</span> <span class='ocrx_word' id='word_1_191' title='bbox 933 3336 1035 3404; x_wconf 87' lang='lat' dir='ltr'>donec</span> <span class='ocrx_word' id='word_1_192' title='bbox 1058 3337 1156 3403; x_wconf 74' lang='lat' dir='ltr'>aliter</span> <span class='ocrx_word' id='word_1_193' title='bbox 1177 3358 1276 3423; x_wconf 90' lang='lat' dir='ltr'>super</span> <span class='ocrx_word' id='word_1_194' title='bbox 1298 3337 1360 3404; x_wconf 90' lang='lat' dir='ltr'>hoc</span> 
     </span>
     <span class='ocr_line' id='line_1_25' title="bbox 306 3436 1359 3528; baseline -0.002 -22"><span class='ocrx_word' id='word_1_195' title='bbox 306 3441 528 3528; x_wconf 75' lang='lat' dir='ltr'>providentur.</span> <span class='ocrx_word' id='word_1_196' title='bbox 592 3439 638 3504; x_wconf 86' lang='lat' dir='ltr'>Et</span> <span class='ocrx_word' id='word_1_197' title='bbox 675 3438 799 3502; x_wconf 76' lang='lat' dir='ltr'>habeat</span> <span class='ocrx_word' id='word_1_198' title='bbox 836 3441 975 3524; x_wconf 90' lang='lat' dir='ltr'>uterque</span> <span class='ocrx_word' id='word_1_199' title='bbox 1013 3436 1221 3504; x_wconf 78' lang='lat' dir='ltr'>Camerarius</span> <span class='ocrx_word' id='word_1_200' title='bbox 1258 3459 1359 3506; x_wconf 80' lang='lat' dir='ltr'>unam</span> 
     </span>
     <span class='ocr_line' id='line_1_26' title="bbox 307 3539 1360 3624; baseline -0.003 -16"><span class='ocrx_word' id='word_1_201' title='bbox 307 3543 432 3608; x_wconf 83' lang='lat' dir='ltr'>elevem</span> <span class='ocrx_word' id='word_1_202' title='bbox 456 3547 491 3608; x_wconf 89' lang='lat' dir='ltr'>et</span> <span class='ocrx_word' id='word_1_203' title='bbox 516 3562 621 3606; x_wconf 90' lang='lat' dir='ltr'>unum</span> <span class='ocrx_word' id='word_1_204' title='bbox 646 3540 803 3615; x_wconf 87' lang='lat' dir='ltr'>rotulum,</span> <span class='ocrx_word' id='word_1_205' title='bbox 819 3543 852 3604; x_wconf 89' lang='lat' dir='ltr'>et</span> <span class='ocrx_word' id='word_1_206' title='bbox 880 3539 1017 3604; x_wconf 89' lang='lat' dir='ltr'>clericus</span> <span class='ocrx_word' id='word_1_207' title='bbox 1033 3541 1150 3624; x_wconf 80' lang='lat' dir='ltr'>[unum</span> <span class='ocrx_word' id='word_1_208' title='bbox 1176 3540 1304 3607; x_wconf 82' lang='lat' dir='ltr'>clavem</span> <span class='ocrx_word' id='word_1_209' title='bbox 1326 3546 1360 3606; x_wconf 91' lang='lat' dir='ltr'>et</span> 
     </span>
     <span class='ocr_line' id='line_1_27' title="bbox 250 3637 1359 3728; baseline -0.002 -20"><span class='ocrx_word' id='word_1_210' title='bbox 250 3664 254 3674; x_wconf 92' lang='lat'>·</span> <span class='ocrx_word' id='word_1_211' title='bbox 307 3644 424 3728; x_wconf 90' lang='lat' dir='ltr'>unum]</span> <span class='ocrx_word' id='word_1_212' title='bbox 460 3641 605 3708; x_wconf 90' lang='lat' dir='ltr'>rotulum</span> <span class='ocrx_word' id='word_1_213' title='bbox 640 3661 716 3706; x_wconf 89' lang='lat' dir='ltr'>eum</span> <span class='ocrx_word' id='word_1_214' title='bbox 754 3637 901 3716; x_wconf 69' lang='lat' dir='ltr'>eisdem,⁴</span> <span class='ocrx_word' id='word_1_215' title='bbox 930 3639 1018 3704; x_wconf 87' lang='lat' dir='ltr'>sicut</span> <span class='ocrx_word' id='word_1_216' title='bbox 1048 3639 1088 3704; x_wconf 88' lang='lat' dir='ltr'>fit</span> <span class='ocrx_word' id='word_1_217' title='bbox 1123 3640 1159 3705; x_wconf 93' lang='lat' dir='ltr'>in</span> <span class='ocrx_word' id='word_1_218' title='bbox 1191 3641 1359 3707; x_wconf 83' lang='lat' dir='ltr'>Scecccrio</span> 
     </span>
     <span class='ocr_line' id='line_1_28' title="bbox 306 3739 1359 3832; baseline -0.003 -23"><span class='ocrx_word' id='word_1_219' title='bbox 306 3744 441 3811; x_wconf 92' lang='lat' dir='ltr'>Domini</span> <span class='ocrx_word' id='word_1_220' title='bbox 457 3743 566 3832; x_wconf 82' lang='lat' dir='ltr'>Regis,</span> <span class='ocrx_word' id='word_1_221' title='bbox 582 3743 619 3807; x_wconf 92' lang='lat' dir='ltr'>in</span> <span class='ocrx_word' id='word_1_222' title='bbox 635 3741 765 3828; x_wconf 76' lang='lat' dir='ltr'>Anglin,</span> <span class='ocrx_word' id='word_1_223' title='bbox 782 3739 871 3826; x_wconf 75' lang='lat' dir='ltr'>apud</span> <span class='ocrx_word' id='word_1_224' title='bbox 887 3739 1227 3808; x_wconf 87' lang='lat' dir='ltr'>Westmonusterium.</span> <span class='ocrx_word' id='word_1_225' title='bbox 1272 3742 1359 3808; x_wconf 91' lang='lat' dir='ltr'>Item</span> 
     </span>
     <span class='ocr_line' id='line_1_29' title="bbox 307 3841 1360 3930; baseline -0.003 -18"><span class='ocrx_word' id='word_1_226' title='bbox 307 3846 496 3912; x_wconf 77' lang='lat' dir='ltr'>ordinatum</span> <span class='ocrx_word' id='word_1_227' title='bbox 512 3850 564 3910; x_wconf 88' lang='lat' dir='ltr'>est</span> <span class='ocrx_word' id='word_1_228' title='bbox 582 3843 671 3930; x_wconf 87' lang='lat' dir='ltr'>quod</span> <span class='ocrx_word' id='word_1_229' title='bbox 688 3842 835 3908; x_wconf 83' lang='lat' dir='ltr'>Clericus</span> <span class='ocrx_word' id='word_1_230' title='bbox 856 3841 1068 3908; x_wconf 80' lang='lat' dir='ltr'>Theseursrii</span> <span class='ocrx_word' id='word_1_231' title='bbox 1106 3893 1113 3910; x_wconf 90' lang='lat'><strong>.</strong></span> <span class='ocrx_word' id='word_1_232' title='bbox 1160 3892 1167 3910; x_wconf 91' lang='lat'>.</span> <span class='ocrx_word' id='word_1_233' title='bbox 1213 3894 1220 3910; x_wconf 89' lang='lat'><strong>.</strong></span> <span class='ocrx_word' id='word_1_234' title='bbox 1252 3845 1360 3909; x_wconf 79' lang='lat' dir='ltr'>solvat</span> 
     </span>
     <span class='ocr_line' id='line_1_30' title="bbox 307 3942 1360 4038; baseline -0.003 -24"><span class='ocrx_word' id='word_1_235' title='bbox 307 3947 447 4038; x_wconf 78' lang='lat' dir='ltr'>singulis</span> <span class='ocrx_word' id='word_1_236' title='bbox 462 3946 613 4012; x_wconf 86' lang='lat' dir='ltr'>terminis</span> <span class='ocrx_word' id='word_1_237' title='bbox 629 3944 840 4011; x_wconf 78' lang='lat' dir='ltr'>liberationes</span> <span class='ocrx_word' id='word_1_238' title='bbox 853 3942 1130 4022; x_wconf 75' lang='lat' dir='ltr'>&#39;Camerariorum</span> <span class='ocrx_word' id='word_1_239' title='bbox 1142 3945 1261 4012; x_wconf 82' lang='lat' dir='ltr'>Clerici</span> <span class='ocrx_word' id='word_1_240' title='bbox 1278 3946 1360 4011; x_wconf 85' lang='lat' dir='ltr'>The-</span> 
     </span>
     <span class='ocr_line' id='line_1_31' title="bbox 308 4046 1360 4133; baseline -0.004 -17"><span class='ocrx_word' id='word_1_241' title='bbox 308 4050 458 4127; x_wconf 72' lang='lat' dir='ltr'>scutarii,</span> <span class='ocrx_word' id='word_1_242' title='bbox 489 4055 522 4116; x_wconf 87' lang='lat' dir='ltr'>et</span> <span class='ocrx_word' id='word_1_243' title='bbox 560 4048 744 4115; x_wconf 76' lang='lat' dir='ltr'>scribarum</span> <span class='ocrx_word' id='word_1_244' title='bbox 784 4047 894 4133; x_wconf 79' lang='lat' dir='ltr'>Magni</span> <span class='ocrx_word' id='word_1_245' title='bbox 935 4046 1107 4124; x_wconf 79' lang='lat' dir='ltr'>Scsccsrii,</span> <span class='ocrx_word' id='word_1_246' title='bbox 1141 4052 1176 4113; x_wconf 91' lang='lat' dir='ltr'>et</span> <span class='ocrx_word' id='word_1_247' title='bbox 1213 4048 1360 4113; x_wconf 91' lang='lat' dir='ltr'>omnium</span> 
     </span>
     <span class='ocr_line' id='line_1_32' title="bbox 308 4147 1361 4236; baseline -0.003 -17"><span class='ocrx_word' id='word_1_248' title='bbox 308 4153 543 4229; x_wconf 88' lang='lat' dir='ltr'>ministrorum,</span> <span class='ocrx_word' id='word_1_249' title='bbox 560 4150 659 4216; x_wconf 75' lang='lat' dir='ltr'>Parvi</span> <span class='ocrx_word' id='word_1_250' title='bbox 684 4147 847 4215; x_wconf 81' lang='lat' dir='ltr'>Soccccrii</span> <span class='ocrx_word' id='word_1_251' title='bbox 856 4169 864 4228; x_wconf 93' lang='lat'>;</span> <span class='ocrx_word' id='word_1_252' title='bbox 887 4153 921 4212; x_wconf 92' lang='lat' dir='ltr'>et</span> <span class='ocrx_word' id='word_1_253' title='bbox 936 4150 1038 4215; x_wconf 82' lang='lat' dir='ltr'>etiam</span> <span class='ocrx_word' id='word_1_254' title='bbox 1053 4170 1214 4236; x_wconf 82' lang='lat' dir='ltr'>expensos</span> <span class='ocrx_word' id='word_1_255' title='bbox 1230 4150 1361 4234; x_wconf 70' lang='lat' dir='ltr'>[lectas</span> 
     </span>
     <span class='ocr_line' id='line_1_33' title="bbox 308 4250 1361 4340; baseline -0.001 -20"><span class='ocrx_word' id='word_1_256' title='bbox 308 4254 394 4322; x_wconf 85' lang='lat' dir='ltr'>sicut</span> <span class='ocrx_word' id='word_1_257' title='bbox 408 4255 462 4340; x_wconf 86' lang='lat' dir='ltr'>fit]</span> <span class='ocrx_word' id='word_1_258' title='bbox 477 4255 514 4320; x_wconf 91' lang='lat' dir='ltr'>in</span> <span class='ocrx_word' id='word_1_259' title='bbox 529 4253 637 4320; x_wconf 84' lang='lat' dir='ltr'>Pervo</span> <span class='ocrx_word' id='word_1_260' title='bbox 652 4251 823 4320; x_wconf 80' lang='lat' dir='ltr'>Scerecrio</span> <span class='ocrx_word' id='word_1_261' title='bbox 839 4250 1132 4319; x_wconf 81' lang='lat' dir='ltr'>Westmoncsterii.</span> <span class='ocrx_word' id='word_1_262' title='bbox 1172 4253 1257 4317; x_wconf 88' lang='lat' dir='ltr'>Item</span> <span class='ocrx_word' id='word_1_263' title='bbox 1274 4254 1361 4319; x_wconf 89' lang='lat' dir='ltr'>ordi·</span> 
     </span>
     <span class='ocr_line' id='line_1_34' title="bbox 309 4353 1444 4444; baseline -0.004 -20"><span class='ocrx_word' id='word_1_264' title='bbox 309 4363 424 4424; x_wconf 81' lang='lat' dir='ltr'>netum</span> <span class='ocrx_word' id='word_1_265' title='bbox 439 4363 490 4424; x_wconf 89' lang='lat' dir='ltr'>est</span> <span class='ocrx_word' id='word_1_266' title='bbox 506 4357 593 4444; x_wconf 91' lang='lat' dir='ltr'>quod</span> <span class='ocrx_word' id='word_1_267' title='bbox 609 4357 645 4422; x_wconf 90' lang='lat' dir='ltr'>in</span> <span class='ocrx_word' id='word_1_268' title='bbox 661 4356 726 4420; x_wconf 86' lang='lat' dir='ltr'>fine</span> <span class='ocrx_word' id='word_1_269' title='bbox 739 4353 873 4420; x_wconf 88' lang='lat' dir='ltr'>termini</span> <span class='ocrx_word' id='word_1_270' title='bbox 886 4355 1020 4440; x_wconf 77' lang='lat' dir='ltr'>quando</span> <span class='ocrx_word' id='word_1_271' title='bbox 1032 4355 1238 4422; x_wconf 69' lang='lat' dir='ltr'>scaccarium</span> <span class='ocrx_word' id='word_1_272' title='bbox 1248 4355 1360 4422; x_wconf 77' lang='lat' dir='ltr'>claudi</span> <span class='ocrx_word' id='word_1_273' title='bbox 1443 4401 1444 4404; x_wconf 63' lang='lat'>,</span> 
     </span>
    </p>
   </div>
   <div class='ocr_carea' id='block_1_4' title="bbox 311 4595 1361 4891">
    <p class='ocr_par' dir='ltr' id='par_1_4' title="bbox 311 4595 1361 4746">
     <span class='ocr_line' id='line_1_35' title="bbox 343 4595 1361 4666; baseline -0.003 -13"><span class='ocrx_word' id='word_1_274' title='bbox 343 4599 492 4666; x_wconf 77' lang='lat' dir='ltr'>¹Probebly</span> <span class='ocrx_word' id='word_1_275' title='bbox 514 4598 633 4651; x_wconf 76' lang='lat' dir='ltr'>videlicet</span> <span class='ocrx_word' id='word_1_276' title='bbox 663 4596 756 4649; x_wconf 85' lang='lat' dir='ltr'>should</span> <span class='ocrx_word' id='word_1_277' title='bbox 784 4598 838 4647; x_wconf 67' lang='lat' dir='ltr'>ber</span> <span class='ocrx_word' id='word_1_278' title='bbox 892 4597 938 4646; x_wconf 53' lang='grc' dir='ltr'>θοι</span> <span class='ocrx_word' id='word_1_279' title='bbox 958 4612 1008 4662; x_wconf 80' lang='lat' dir='ltr'>pro</span> <span class='ocrx_word' id='word_1_280' title='bbox 1031 4595 1139 4664; x_wconf 80' lang='lat' dir='ltr'>roho-j</span> <span class='ocrx_word' id='word_1_281' title='bbox 1156 4613 1264 4650; x_wconf 72' lang='lat' dir='ltr'>usercam</span> <span class='ocrx_word' id='word_1_282' title='bbox 1284 4599 1361 4650; x_wconf 83' lang='lat' dir='ltr'>inter·</span> 
     </span>
     <span class='ocr_line' id='line_1_36' title="bbox 311 4671 1078 4746; baseline -0.007 -17"><span class='ocrx_word' id='word_1_283' title='bbox 311 4681 449 4732; x_wconf 74' lang='lat' dir='ltr'>rccdcftcr</span> <span class='ocrx_word' id='word_1_284' title='bbox 462 4680 518 4746; x_wconf 66' lang='grc' dir='ltr'>κη’.</span> <span class='ocrx_word' id='word_1_285' title='bbox 859 4671 1006 4724; x_wconf 68' lang='lat' dir='ltr'>mesecin</span> <span class='ocrx_word' id='word_1_286' title='bbox 1018 4675 1078 4726; x_wconf 80' lang='lat' dir='ltr'>MS.</span> 
     </span>
    </p>

    <p class='ocr_par' dir='ltr' id='par_1_5' title="bbox 313 4751 1120 4891">
     <span class='ocr_line' id='line_1_37' title="bbox 344 4751 1120 4824; baseline -0.01 -14"><span class='ocrx_word' id='word_1_287' title='bbox 344 4757 354 4790; x_wconf 85' lang='lat'><strong>¹</strong></span> <span class='ocrx_word' id='word_1_288' title='bbox 366 4759 491 4824; x_wconf 75' lang='lat' dir='ltr'>Probably</span> <span class='ocrx_word' id='word_1_289' title='bbox 504 4759 547 4808; x_wconf 84' lang='lat' dir='ltr'>ths</span> <span class='ocrx_word' id='word_1_290' title='bbox 556 4757 638 4807; x_wconf 80' lang='lat' dir='ltr'>words</span> <span class='ocrx_word' id='word_1_291' title='bbox 648 4754 797 4806; x_wconf 78' lang='lat' dir='ltr'>tantundem</span> <span class='ocrx_word' id='word_1_292' title='bbox 807 4777 816 4816; x_wconf 64' lang='grc' dir='ltr'><strong><em>ς</em></strong></span> <span class='ocrx_word' id='word_1_293' title='bbox 892 4751 901 4784; x_wconf 87' lang='lat'><strong>⁴</strong></span> <span class='ocrx_word' id='word_1_294' title='bbox 912 4751 1015 4802; x_wconf 78' lang='lat' dir='ltr'>ciirdcm</span> <span class='ocrx_word' id='word_1_295' title='bbox 1026 4751 1053 4801; x_wconf 89' lang='lat' dir='ltr'>in</span> <span class='ocrx_word' id='word_1_296' title='bbox 1065 4753 1120 4803; x_wconf 88' lang='lat' dir='ltr'>MS.</span> 
     </span>
     <span class='ocr_line' id='line_1_38' title="bbox 313 4838 661 4891; baseline -0.014 -1"><span class='ocrx_word' id='word_1_297' title='bbox 313 4839 365 4890; x_wconf 75' lang='lat' dir='ltr'>nisi</span> <span class='ocrx_word' id='word_1_298' title='bbox 376 4839 466 4891; x_wconf 79' lang='lat' dir='ltr'>should</span> <span class='ocrx_word' id='word_1_299' title='bbox 476 4840 507 4889; x_wconf 84' lang='lat' dir='ltr'>bo</span> <span class='ocrx_word' id='word_1_300' title='bbox 518 4838 580 4888; x_wconf 70' lang='lat' dir='ltr'>read</span> <span class='ocrx_word' id='word_1_301' title='bbox 592 4838 661 4887; x_wconf 86' lang='lat' dir='ltr'>here.</span> 
     </span>
    </p>
   </div>
   <div class='ocr_carea' id='block_1_5' title="bbox 0 0 1788 5754">
    <p class='ocr_par' dir='ltr' id='par_1_6' title="bbox 0 0 1788 5754">
     <span class='ocr_line' id='line_1_39' title="bbox 0 0 1788 5754; baseline 0 0"><span class='ocrx_word' id='word_1_302' title='bbox 0 0 1788 5754; x_wconf 95' lang='lat' dir='ltr'> </span> 
     </span>
    </p>
   </div>
  </div>
 </body>
</html>
