<?xml version="1.0" encoding="UTF-8"?>
<!DOCTYPE html PUBLIC "-//W3C//DTD XHTML 1.0 Transitional//EN"
    "http://www.w3.org/TR/xhtml1/DTD/xhtml1-transitional.dtd">
<html xmlns="http://www.w3.org/1999/xhtml" xml:lang="en" lang="en">
 <head>
  <title>
</title>
<meta http-equiv="Content-Type" content="text/html;charset=utf-8" />
  <meta name='ocr-system' content='tesseract 3.04.00' />
  <meta name='ocr-capabilities' content='ocr_page ocr_carea ocr_par ocr_line ocrx_word'/>
</head>
<body>
  <div class='ocr_page' id='page_1' title='image "./redbookexcheque00hallgoog_0369.png"; bbox 0 0 3598 5752; ppageno 0'>
   <div class='ocr_carea' id='block_1_1' title="bbox 609 857 1410 930">
    <p class='ocr_par' dir='ltr' id='par_1_1' title="bbox 609 857 1410 930">
     <span class='ocr_line' id='line_1_1' title="bbox 609 857 1410 930; baseline -0.005 -2"><span class='ocrx_word' id='word_1_1' title='bbox 609 877 713 928; x_wconf 81' lang='lat' dir='ltr'>mm</span> <span class='ocrx_word' id='word_1_2' title='bbox 734 857 873 929; x_wconf 77' lang='lat' dir='ltr'>nunnus</span> <span class='ocrx_word' id='word_1_3' title='bbox 895 877 942 928; x_wconf 80' lang='lat' dir='ltr'>nn</span> <span class='ocrx_word' id='word_1_4' title='bbox 965 876 1161 930; x_wconf 73' lang='lat' dir='ltr'>scrccnnro.</span> <span class='ocrx_word' id='word_1_5' title='bbox 1325 861 1410 928; x_wconf 76' lang='lat'>1061</span> 
     </span>
    </p>
   </div>
   <div class='ocr_carea' id='block_1_2' title="bbox 244 1063 1585 4846">
    <p class='ocr_par' dir='ltr' id='par_1_2' title="bbox 244 1063 1585 4846">
     <span class='ocr_line' id='line_1_2' title="bbox 357 1063 1585 1151; baseline -0.005 -19"><span class='ocrx_word' id='word_1_6' title='bbox 357 1072 394 1132; x_wconf 88' lang='lat' dir='ltr'>et</span> <span class='ocrx_word' id='word_1_7' title='bbox 434 1064 638 1151; x_wconf 79' lang='lat' dir='ltr'>protectione</span> <span class='ocrx_word' id='word_1_8' title='bbox 676 1067 798 1141; x_wconf 78' lang='lat' dir='ltr'>nostra,</span> <span class='ocrx_word' id='word_1_9' title='bbox 835 1063 871 1128; x_wconf 91' lang='lat' dir='ltr'>in</span> <span class='ocrx_word' id='word_1_10' title='bbox 910 1063 1038 1130; x_wconf 88' lang='lat' dir='ltr'>dictum</span> <span class='ocrx_word' id='word_1_11' title='bbox 1078 1085 1217 1150; x_wconf 78' lang='lat' dir='ltr'>regnum</span> <span class='ocrx_word' id='word_1_12' title='bbox 1261 1070 1412 1130; x_wconf 81' lang='lat' dir='ltr'>nostrum</span> <span class='ocrx_word' id='word_1_13' title='bbox 1429 1068 1497 1128; x_wconf 64' lang='lat' dir='ltr'>Lo.</span> <span class='ocrx_word' id='word_1_14' title='bbox 1513 1079 1585 1127; x_wconf 75' lang='lat'>1³02.</span> 
     </span>
     <span class='ocr_line' id='line_1_3' title="bbox 358 1165 1413 1254; baseline -0.001 -20"><span class='ocrx_word' id='word_1_15' title='bbox 358 1169 490 1254; x_wconf 78' lang='lat' dir='ltr'>Anglioe</span> <span class='ocrx_word' id='word_1_16' title='bbox 520 1171 554 1235; x_wconf 85' lang='lat' dir='ltr'>et</span> <span class='ocrx_word' id='word_1_17' title='bbox 584 1165 709 1254; x_wconf 88' lang='lat' dir='ltr'>ubique</span> <span class='ocrx_word' id='word_1_18' title='bbox 739 1165 828 1232; x_wconf 84' lang='lat' dir='ltr'>infra</span> <span class='ocrx_word' id='word_1_19' title='bbox 858 1171 1055 1253; x_wconf 77' lang='lat' dir='ltr'>potestatem</span> <span class='ocrx_word' id='word_1_20' title='bbox 1089 1171 1237 1232; x_wconf 83' lang='lat' dir='ltr'>nostrum</span> <span class='ocrx_word' id='word_1_21' title='bbox 1276 1167 1413 1233; x_wconf 88' lang='lat' dir='ltr'>veniant</span> 
     </span>
     <span class='ocr_line' id='line_1_4' title="bbox 358 1267 1414 1356; baseline -0.002 -19"><span class='ocrx_word' id='word_1_22' title='bbox 358 1292 436 1337; x_wconf 90' lang='lat' dir='ltr'>cum</span> <span class='ocrx_word' id='word_1_23' title='bbox 456 1269 546 1335; x_wconf 88' lang='lat' dir='ltr'>vinis</span> <span class='ocrx_word' id='word_1_24' title='bbox 569 1272 604 1336; x_wconf 88' lang='lat' dir='ltr'>et</span> <span class='ocrx_word' id='word_1_25' title='bbox 631 1269 845 1336; x_wconf 80' lang='lat' dir='ltr'>mercandisis</span> <span class='ocrx_word' id='word_1_26' title='bbox 869 1267 945 1333; x_wconf 86' lang='lat' dir='ltr'>aliie</span> <span class='ocrx_word' id='word_1_27' title='bbox 960 1268 1233 1356; x_wconf 74' lang='lat' dir='ltr'>quibuscumque,</span> <span class='ocrx_word' id='word_1_28' title='bbox 1260 1269 1414 1356; x_wconf 89' lang='lat' dir='ltr'>quodque</span> 
     </span>
     <span class='ocr_line' id='line_1_5' title="bbox 358 1370 1413 1460; baseline -0.003 -21"><span class='ocrx_word' id='word_1_29' title='bbox 358 1373 447 1439; x_wconf 84' lang='lat' dir='ltr'>infra</span> <span class='ocrx_word' id='word_1_30' title='bbox 471 1373 560 1438; x_wconf 90' lang='lat' dir='ltr'>idem</span> <span class='ocrx_word' id='word_1_31' title='bbox 591 1394 731 1460; x_wconf 86' lang='lat' dir='ltr'>regnum</span> <span class='ocrx_word' id='word_1_32' title='bbox 756 1377 791 1439; x_wconf 93' lang='lat' dir='ltr'>et</span> <span class='ocrx_word' id='word_1_33' title='bbox 826 1375 1026 1458; x_wconf 81' lang='lat' dir='ltr'>potestatem</span> <span class='ocrx_word' id='word_1_34' title='bbox 1054 1376 1212 1450; x_wconf 86' lang='lat' dir='ltr'>nostram,</span> <span class='ocrx_word' id='word_1_35' title='bbox 1234 1371 1271 1435; x_wconf 92' lang='lat' dir='ltr'>in</span> <span class='ocrx_word' id='word_1_36' title='bbox 1296 1370 1413 1438; x_wconf 83' lang='lat' dir='ltr'>civita-</span> 
     </span>
     <span class='ocr_line' id='line_1_6' title="bbox 358 1473 1415 1562; baseline -0.005 -19"><span class='ocrx_word' id='word_1_37' title='bbox 358 1477 460 1555; x_wconf 82' lang='lat' dir='ltr'>tibus,</span> <span class='ocrx_word' id='word_1_38' title='bbox 485 1474 600 1562; x_wconf 85' lang='lat' dir='ltr'>burgis</span> <span class='ocrx_word' id='word_1_39' title='bbox 627 1489 662 1542; x_wconf 83' lang='lat' dir='ltr'>et</span> <span class='ocrx_word' id='word_1_40' title='bbox 692 1474 782 1541; x_wconf 86' lang='lat' dir='ltr'>villis</span> <span class='ocrx_word' id='word_1_41' title='bbox 812 1473 1026 1552; x_wconf 83' lang='lat' dir='ltr'>mercatoriis,</span> <span class='ocrx_word' id='word_1_42' title='bbox 1057 1475 1187 1562; x_wconf 88' lang='lat' dir='ltr'>possint</span> <span class='ocrx_word' id='word_1_43' title='bbox 1216 1474 1355 1540; x_wconf 81' lang='lat' dir='ltr'>mercari</span> <span class='ocrx_word' id='word_1_44' title='bbox 1378 1473 1415 1538; x_wconf 93' lang='lat' dir='ltr'>in</span> 
     </span>
     <span class='ocr_line' id='line_1_7' title="bbox 336 1577 1414 1666; baseline 0.002 -26"><span class='ocrx_word' id='word_1_45' title='bbox 336 1633 339 1640; x_wconf 93' lang='lat'><em>.</em></span> <span class='ocrx_word' id='word_1_46' title='bbox 358 1599 482 1666; x_wconf 82' lang='lat' dir='ltr'>grosso,</span> <span class='ocrx_word' id='word_1_47' title='bbox 496 1582 568 1644; x_wconf 88' lang='lat' dir='ltr'>tam</span> <span class='ocrx_word' id='word_1_48' title='bbox 595 1600 671 1645; x_wconf 88' lang='lat' dir='ltr'>cum</span> <span class='ocrx_word' id='word_1_49' title='bbox 695 1578 861 1666; x_wconf 86' lang='lat' dir='ltr'>indigenis</span> <span class='ocrx_word' id='word_1_50' title='bbox 879 1599 938 1644; x_wconf 88' lang='lat' dir='ltr'>seu</span> <span class='ocrx_word' id='word_1_51' title='bbox 962 1577 1079 1643; x_wconf 92' lang='lat' dir='ltr'>incolis</span> <span class='ocrx_word' id='word_1_52' title='bbox 1103 1577 1207 1665; x_wconf 85' lang='lat' dir='ltr'>regni,</span> <span class='ocrx_word' id='word_1_53' title='bbox 1224 1598 1323 1663; x_wconf 80' lang='lat' dir='ltr'>quum</span> <span class='ocrx_word' id='word_1_54' title='bbox 1338 1597 1414 1642; x_wconf 92' lang='lat' dir='ltr'>cum</span> 
     </span>
     <span class='ocr_line' id='line_1_8' title="bbox 360 1679 1414 1768; baseline -0.003 -21"><span class='ocrx_word' id='word_1_55' title='bbox 360 1680 565 1768; x_wconf 74' lang='lat' dir='ltr'>alienigenis,</span> <span class='ocrx_word' id='word_1_56' title='bbox 589 1680 758 1746; x_wconf 87' lang='lat' dir='ltr'>extraneis</span> <span class='ocrx_word' id='word_1_57' title='bbox 772 1681 828 1746; x_wconf 85' lang='lat' dir='ltr'>vel</span> <span class='ocrx_word' id='word_1_58' title='bbox 843 1679 996 1765; x_wconf 81' lang='lat' dir='ltr'>privatis,</span> <span class='ocrx_word' id='word_1_59' title='bbox 1020 1684 1055 1746; x_wconf 89' lang='lat' dir='ltr'>et</span> <span class='ocrx_word' id='word_1_60' title='bbox 1078 1679 1168 1765; x_wconf 91' lang='lat' dir='ltr'>quod</span> <span class='ocrx_word' id='word_1_61' title='bbox 1192 1679 1414 1746; x_wconf 84' lang='lat' dir='ltr'>mercandisos</span> 
     </span>
     <span class='ocr_line' id='line_1_9' title="bbox 360 1784 1412 1871; baseline -0.003 -21"><span class='ocrx_word' id='word_1_62' title='bbox 360 1807 447 1862; x_wconf 81' lang='lat' dir='ltr'>suus,</span> <span class='ocrx_word' id='word_1_63' title='bbox 462 1805 545 1871; x_wconf 83' lang='lat' dir='ltr'>quus</span> <span class='ocrx_word' id='word_1_64' title='bbox 560 1784 648 1870; x_wconf 88' lang='lat' dir='ltr'>ipsos</span> <span class='ocrx_word' id='word_1_65' title='bbox 664 1784 707 1849; x_wconf 89' lang='lat' dir='ltr'>ad</span> <span class='ocrx_word' id='word_1_66' title='bbox 722 1784 811 1849; x_wconf 90' lang='lat' dir='ltr'>idem</span> <span class='ocrx_word' id='word_1_67' title='bbox 826 1804 967 1870; x_wconf 81' lang='lat' dir='ltr'>rognum</span> <span class='ocrx_word' id='word_1_68' title='bbox 988 1786 1023 1850; x_wconf 89' lang='lat' dir='ltr'>et</span> <span class='ocrx_word' id='word_1_69' title='bbox 1045 1787 1247 1870; x_wconf 86' lang='lat' dir='ltr'>potestatem</span> <span class='ocrx_word' id='word_1_70' title='bbox 1264 1787 1412 1848; x_wconf 84' lang='lat' dir='ltr'>nostram</span> 
     </span>
     <span class='ocr_line' id='line_1_10' title="bbox 359 1885 1413 1972; baseline -0.003 -19"><span class='ocrx_word' id='word_1_71' title='bbox 359 1887 533 1963; x_wconf 81' lang='lat' dir='ltr'>adducere,</span> <span class='ocrx_word' id='word_1_72' title='bbox 544 1907 602 1951; x_wconf 88' lang='lat' dir='ltr'>seu</span> <span class='ocrx_word' id='word_1_73' title='bbox 611 1885 702 1950; x_wconf 85' lang='lat' dir='ltr'>inira</span> <span class='ocrx_word' id='word_1_74' title='bbox 711 1885 837 1952; x_wconf 91' lang='lat' dir='ltr'>dictum</span> <span class='ocrx_word' id='word_1_75' title='bbox 853 1906 993 1972; x_wconf 84' lang='lat' dir='ltr'>regnum</span> <span class='ocrx_word' id='word_1_76' title='bbox 1003 1890 1038 1952; x_wconf 90' lang='lat' dir='ltr'>et</span> <span class='ocrx_word' id='word_1_77' title='bbox 1052 1889 1253 1972; x_wconf 79' lang='lat' dir='ltr'>potestatem</span> <span class='ocrx_word' id='word_1_78' title='bbox 1264 1890 1413 1952; x_wconf 88' lang='lat' dir='ltr'>nostram</span> 
     </span>
     <span class='ocr_line' id='line_1_11' title="bbox 361 1987 1413 2076; baseline -0.003 -21"><span class='ocrx_word' id='word_1_79' title='bbox 361 2010 477 2067; x_wconf 88' lang='lat' dir='ltr'>emere,</span> <span class='ocrx_word' id='word_1_80' title='bbox 490 1989 544 2054; x_wconf 87' lang='lat' dir='ltr'>vel</span> <span class='ocrx_word' id='word_1_81' title='bbox 554 1988 636 2054; x_wconf 84' lang='lat' dir='ltr'>alias</span> <span class='ocrx_word' id='word_1_82' title='bbox 645 1988 819 2074; x_wconf 76' lang='lat' dir='ltr'>adquirere</span> <span class='ocrx_word' id='word_1_83' title='bbox 829 1987 1015 2076; x_wconf 86' lang='lat' dir='ltr'>contigerit,</span> <span class='ocrx_word' id='word_1_84' title='bbox 1024 1988 1153 2074; x_wconf 86' lang='lat' dir='ltr'>possint</span> <span class='ocrx_word' id='word_1_85' title='bbox 1162 2009 1227 2076; x_wconf 93' lang='lat' dir='ltr'>quo</span> <span class='ocrx_word' id='word_1_86' title='bbox 1239 1987 1413 2067; x_wconf 80' lang='lat' dir='ltr'>voluerint,</span> 
     </span>
     <span class='ocr_line' id='line_1_12' title="bbox 361 2091 1414 2178; baseline -0.003 -20"><span class='ocrx_word' id='word_1_87' title='bbox 361 2099 431 2159; x_wconf 81' lang='lat' dir='ltr'>tam</span> <span class='ocrx_word' id='word_1_88' title='bbox 457 2091 548 2156; x_wconf 79' lang='lat' dir='ltr'>inira</span> <span class='ocrx_word' id='word_1_89' title='bbox 570 2113 709 2178; x_wconf 84' lang='lat' dir='ltr'>regnum</span> <span class='ocrx_word' id='word_1_90' title='bbox 725 2112 768 2156; x_wconf 84' lang='lat' dir='ltr'>ex</span> <span class='ocrx_word' id='word_1_91' title='bbox 782 2095 981 2178; x_wconf 85' lang='lat' dir='ltr'>potestatem</span> <span class='ocrx_word' id='word_1_92' title='bbox 1013 2095 1161 2158; x_wconf 83' lang='lat' dir='ltr'>nostram</span> <span class='ocrx_word' id='word_1_93' title='bbox 1185 2113 1286 2178; x_wconf 87' lang='lat' dir='ltr'>quam</span> <span class='ocrx_word' id='word_1_94' title='bbox 1308 2097 1414 2169; x_wconf 87' lang='lat' dir='ltr'>extra,</span> 
     </span>
     <span class='ocr_line' id='line_1_13' title="bbox 361 2191 1414 2280; baseline -0.002 -22"><span class='ocrx_word' id='word_1_95' title='bbox 361 2194 480 2260; x_wconf 85' lang='lat' dir='ltr'>ducere</span> <span class='ocrx_word' id='word_1_96' title='bbox 491 2213 550 2258; x_wconf 85' lang='lat' dir='ltr'>seu</span> <span class='ocrx_word' id='word_1_97' title='bbox 562 2198 695 2280; x_wconf 81' lang='lat' dir='ltr'>portare</span> <span class='ocrx_word' id='word_1_98' title='bbox 709 2191 824 2271; x_wconf 83' lang='lat' dir='ltr'>facere,</span> <span class='ocrx_word' id='word_1_99' title='bbox 837 2197 873 2258; x_wconf 86' lang='lat' dir='ltr'>et</span> <span class='ocrx_word' id='word_1_100' title='bbox 882 2213 976 2258; x_wconf 85' lang='lat' dir='ltr'>suem</span> <span class='ocrx_word' id='word_1_101' title='bbox 986 2192 1064 2258; x_wconf 86' lang='lat' dir='ltr'>inde</span> <span class='ocrx_word' id='word_1_102' title='bbox 1078 2193 1187 2259; x_wconf 84' lang='lat' dir='ltr'>facere</span> <span class='ocrx_word' id='word_1_103' title='bbox 1198 2192 1414 2270; x_wconf 81' lang='lat' dir='ltr'>voluntatem,</span> 
     </span>
     <span class='ocr_line' id='line_1_14' title="bbox 361 2293 1415 2382; baseline -0.001 -21"><span class='ocrx_word' id='word_1_104' title='bbox 361 2294 519 2361; x_wconf 88' lang='lat' dir='ltr'>solvendo</span> <span class='ocrx_word' id='word_1_105' title='bbox 529 2294 785 2362; x_wconf 84' lang='lat' dir='ltr'>consuetudines</span> <span class='ocrx_word' id='word_1_106' title='bbox 794 2315 878 2380; x_wconf 82' lang='lat' dir='ltr'>quas</span> <span class='ocrx_word' id='word_1_107' title='bbox 888 2293 1068 2372; x_wconf 87' lang='lat' dir='ltr'>debebunt,</span> <span class='ocrx_word' id='word_1_108' title='bbox 1080 2295 1227 2382; x_wconf 86' lang='lat' dir='ltr'>exceptis</span> <span class='ocrx_word' id='word_1_109' title='bbox 1236 2296 1415 2361; x_wconf 85' lang='lat' dir='ltr'>dumtaxat</span> 
     </span>
     <span class='ocr_line' id='line_1_15' title="bbox 362 2395 1414 2484; baseline 0.002 -22"><span class='ocrx_word' id='word_1_110' title='bbox 362 2396 451 2462; x_wconf 82' lang='lat' dir='ltr'>vinis</span> <span class='ocrx_word' id='word_1_111' title='bbox 466 2419 541 2484; x_wconf 83' lang='lat' dir='ltr'>quoe</span> <span class='ocrx_word' id='word_1_112' title='bbox 563 2400 660 2464; x_wconf 85' lang='lat' dir='ltr'>extra</span> <span class='ocrx_word' id='word_1_113' title='bbox 680 2395 767 2462; x_wconf 91' lang='lat' dir='ltr'>idem</span> <span class='ocrx_word' id='word_1_114' title='bbox 788 2417 929 2482; x_wconf 84' lang='lat' dir='ltr'>regnum</span> <span class='ocrx_word' id='word_1_115' title='bbox 954 2417 1014 2460; x_wconf 88' lang='lat' dir='ltr'>seu</span> <span class='ocrx_word' id='word_1_116' title='bbox 1037 2402 1238 2484; x_wconf 85' lang='lat' dir='ltr'>potestatem</span> <span class='ocrx_word' id='word_1_117' title='bbox 1266 2401 1414 2464; x_wconf 72' lang='lat' dir='ltr'>nostrum</span> 
     </span>
     <span class='ocr_line' id='line_1_16' title="bbox 362 2497 1414 2586; baseline 0.001 -22"><span class='ocrx_word' id='word_1_118' title='bbox 362 2500 452 2586; x_wconf 86' lang='lat' dir='ltr'>ipsis,</span> <span class='ocrx_word' id='word_1_119' title='bbox 468 2499 539 2565; x_wconf 88' lang='lat' dir='ltr'>sine</span> <span class='ocrx_word' id='word_1_120' title='bbox 564 2498 740 2566; x_wconf 89' lang='lat' dir='ltr'>voluntate</span> <span class='ocrx_word' id='word_1_121' title='bbox 765 2503 890 2576; x_wconf 85' lang='lat' dir='ltr'>nostra,</span> <span class='ocrx_word' id='word_1_122' title='bbox 905 2497 1025 2564; x_wconf 86' lang='lat' dir='ltr'>ducere</span> <span class='ocrx_word' id='word_1_123' title='bbox 1055 2521 1124 2564; x_wconf 90' lang='lat' dir='ltr'>non</span> <span class='ocrx_word' id='word_1_124' title='bbox 1154 2499 1254 2565; x_wconf 83' lang='lat' dir='ltr'>liceat</span> <span class='ocrx_word' id='word_1_125' title='bbox 1282 2521 1414 2586; x_wconf 89' lang='lat' dir='ltr'>quoquo</span> 
     </span>
     <span class='ocr_line' id='line_1_17' title="bbox 362 2604 1415 2691; baseline 0.002 -20"><span class='ocrx_word' id='word_1_126' title='bbox 362 2605 467 2672; x_wconf 78' lang='lat' dir='ltr'>modo,</span> <span class='ocrx_word' id='word_1_127' title='bbox 514 2605 602 2672; x_wconf 86' lang='lat' dir='ltr'>Item</span> <span class='ocrx_word' id='word_1_128' title='bbox 629 2605 718 2691; x_wconf 93' lang='lat' dir='ltr'>quod</span> <span class='ocrx_word' id='word_1_129' title='bbox 745 2604 827 2671; x_wconf 87' lang='lat' dir='ltr'>dicti</span> <span class='ocrx_word' id='word_1_130' title='bbox 852 2608 1052 2670; x_wconf 71' lang='lat' dir='ltr'>mercatores</span> <span class='ocrx_word' id='word_1_131' title='bbox 1079 2606 1238 2671; x_wconf 87' lang='lat' dir='ltr'>vinetarii</span> <span class='ocrx_word' id='word_1_132' title='bbox 1260 2606 1302 2672; x_wconf 91' lang='lat' dir='ltr'>de</span> <span class='ocrx_word' id='word_1_133' title='bbox 1325 2605 1415 2673; x_wconf 84' lang='lat' dir='ltr'>dicto</span> 
     </span>
     <span class='ocr_line' id='line_1_18' title="bbox 361 2706 1414 2795; baseline -0.002 -21"><span class='ocrx_word' id='word_1_134' title='bbox 361 2709 496 2776; x_wconf 80' lang='lat' dir='ltr'>Ducatu</span> <span class='ocrx_word' id='word_1_135' title='bbox 511 2709 549 2772; x_wconf 94' lang='lat' dir='ltr'>in</span> <span class='ocrx_word' id='word_1_136' title='bbox 570 2707 766 2774; x_wconf 85' lang='lat' dir='ltr'>civitatibus</span> <span class='ocrx_word' id='word_1_137' title='bbox 791 2712 826 2774; x_wconf 90' lang='lat' dir='ltr'>et</span> <span class='ocrx_word' id='word_1_138' title='bbox 849 2706 940 2773; x_wconf 87' lang='lat' dir='ltr'>villis</span> <span class='ocrx_word' id='word_1_139' title='bbox 965 2707 1134 2794; x_wconf 74' lang='lat' dir='ltr'>predictis</span> <span class='ocrx_word' id='word_1_140' title='bbox 1156 2729 1216 2795; x_wconf 91' lang='lat' dir='ltr'>pro</span> <span class='ocrx_word' id='word_1_141' title='bbox 1239 2708 1414 2773; x_wconf 83' lang='lat' dir='ltr'>voluntate</span> 
     </span>
     <span class='ocr_line' id='line_1_19' title="bbox 362 2809 1414 2900; baseline -0.003 -21"><span class='ocrx_word' id='word_1_142' title='bbox 362 2833 423 2879; x_wconf 86' lang='lat' dir='ltr'>sua</span> <span class='ocrx_word' id='word_1_143' title='bbox 455 2811 625 2900; x_wconf 85' lang='lat' dir='ltr'>hospitare</span> <span class='ocrx_word' id='word_1_144' title='bbox 654 2810 790 2875; x_wconf 83' lang='lat' dir='ltr'>valeant</span> <span class='ocrx_word' id='word_1_145' title='bbox 822 2814 857 2876; x_wconf 89' lang='lat' dir='ltr'>et</span> <span class='ocrx_word' id='word_1_146' title='bbox 887 2810 1011 2876; x_wconf 90' lang='lat' dir='ltr'>morari</span> <span class='ocrx_word' id='word_1_147' title='bbox 1041 2831 1117 2877; x_wconf 89' lang='lat' dir='ltr'>cum</span> <span class='ocrx_word' id='word_1_148' title='bbox 1147 2811 1242 2877; x_wconf 87' lang='lat' dir='ltr'>bonis</span> <span class='ocrx_word' id='word_1_149' title='bbox 1272 2812 1341 2878; x_wconf 87' lang='lat' dir='ltr'>suis</span> <span class='ocrx_word' id='word_1_150' title='bbox 1371 2809 1414 2876; x_wconf 88' lang='lat' dir='ltr'>ad</span> 
     </span>
     <span class='ocr_line' id='line_1_20' title="bbox 362 2912 1413 3000; baseline 0 -21"><span class='ocrx_word' id='word_1_151' title='bbox 362 2919 495 3000; x_wconf 80' lang='lat' dir='ltr'>gratum</span> <span class='ocrx_word' id='word_1_152' title='bbox 520 2915 668 3000; x_wconf 84' lang='lat' dir='ltr'>ipsorum</span> <span class='ocrx_word' id='word_1_153' title='bbox 697 2933 838 2999; x_wconf 90' lang='lat' dir='ltr'>quorum</span> <span class='ocrx_word' id='word_1_154' title='bbox 862 2912 990 2978; x_wconf 77' lang='lat' dir='ltr'>fuerint</span> <span class='ocrx_word' id='word_1_155' title='bbox 1013 2912 1160 3000; x_wconf 85' lang='lat' dir='ltr'>hospitia</span> <span class='ocrx_word' id='word_1_156' title='bbox 1186 2914 1257 2980; x_wconf 86' lang='lat' dir='ltr'>sive</span> <span class='ocrx_word' id='word_1_157' title='bbox 1288 2914 1413 2979; x_wconf 87' lang='lat' dir='ltr'>domus.</span> 
     </span>
     <span class='ocr_line' id='line_1_21' title="bbox 365 3015 1413 3103; baseline -0.002 -21"><span class='ocrx_word' id='word_1_158' title='bbox 365 3015 450 3082; x_wconf 85' lang='lat' dir='ltr'>Item</span> <span class='ocrx_word' id='word_1_159' title='bbox 466 3015 555 3102; x_wconf 91' lang='lat' dir='ltr'>quod</span> <span class='ocrx_word' id='word_1_160' title='bbox 571 3015 713 3102; x_wconf 75' lang='lat' dir='ltr'>quilibet</span> <span class='ocrx_word' id='word_1_161' title='bbox 735 3018 925 3080; x_wconf 83' lang='lat' dir='ltr'>contractus</span> <span class='ocrx_word' id='word_1_162' title='bbox 949 3036 1009 3103; x_wconf 89' lang='lat' dir='ltr'>per</span> <span class='ocrx_word' id='word_1_163' title='bbox 1030 3015 1119 3102; x_wconf 89' lang='lat' dir='ltr'>ipsos</span> <span class='ocrx_word' id='word_1_164' title='bbox 1143 3015 1323 3082; x_wconf 81' lang='lat' dir='ltr'>vinetsrios</span> <span class='ocrx_word' id='word_1_165' title='bbox 1338 3037 1413 3082; x_wconf 88' lang='lat' dir='ltr'>cum</span> 
     </span>
     <span class='ocr_line' id='line_1_22' title="bbox 363 3116 1414 3206; baseline -0.003 -21"><span class='ocrx_word' id='word_1_166' title='bbox 363 3119 625 3206; x_wconf 84' lang='lat' dir='ltr'>quibuscumque</span> <span class='ocrx_word' id='word_1_167' title='bbox 655 3117 812 3205; x_wconf 87' lang='lat' dir='ltr'>personis,</span> <span class='ocrx_word' id='word_1_168' title='bbox 842 3117 1043 3203; x_wconf 88' lang='lat' dir='ltr'>ubicumque</span> <span class='ocrx_word' id='word_1_169' title='bbox 1069 3116 1207 3195; x_wconf 85' lang='lat' dir='ltr'>fuerint,</span> <span class='ocrx_word' id='word_1_170' title='bbox 1232 3118 1346 3196; x_wconf 88' lang='lat' dir='ltr'>initus,</span> <span class='ocrx_word' id='word_1_171' title='bbox 1372 3117 1414 3183; x_wconf 91' lang='lat' dir='ltr'>de</span> 
     </span>
     <span class='ocr_line' id='line_1_23' title="bbox 363 3219 1414 3306; baseline -0.002 -19"><span class='ocrx_word' id='word_1_172' title='bbox 363 3221 540 3287; x_wconf 84' lang='lat' dir='ltr'>commodis</span> <span class='ocrx_word' id='word_1_173' title='bbox 555 3219 777 3297; x_wconf 84' lang='lat' dir='ltr'>mercandisis‚</span> <span class='ocrx_word' id='word_1_174' title='bbox 802 3219 918 3284; x_wconf 87' lang='lat' dir='ltr'>firmus</span> <span class='ocrx_word' id='word_1_175' title='bbox 945 3219 992 3285; x_wconf 86' lang='lat' dir='ltr'>sit</span> <span class='ocrx_word' id='word_1_176' title='bbox 1018 3225 1053 3286; x_wconf 90' lang='lat' dir='ltr'>et</span> <span class='ocrx_word' id='word_1_177' title='bbox 1077 3221 1206 3287; x_wconf 82' lang='lat' dir='ltr'>stabilis</span> <span class='ocrx_word' id='word_1_178' title='bbox 1218 3245 1227 3302; x_wconf 92' lang='lat'>;</span> <span class='ocrx_word' id='word_1_179' title='bbox 1251 3223 1300 3288; x_wconf 83' lang='lat' dir='ltr'>ite</span> <span class='ocrx_word' id='word_1_180' title='bbox 1326 3221 1414 3306; x_wconf 90' lang='lat' dir='ltr'>quod</span> 
     </span>
     <span class='ocr_line' id='line_1_24' title="bbox 363 3321 1413 3409; baseline 0.003 -22"><span class='ocrx_word' id='word_1_181' title='bbox 363 3329 481 3390; x_wconf 84' lang='lat' dir='ltr'>neuter</span> <span class='ocrx_word' id='word_1_182' title='bbox 495 3328 714 3390; x_wconf 79' lang='lat' dir='ltr'>mercatorum</span> <span class='ocrx_word' id='word_1_183' title='bbox 733 3326 941 3388; x_wconf 86' lang='lat' dir='ltr'>contractum</span> <span class='ocrx_word' id='word_1_184' title='bbox 957 3321 1053 3387; x_wconf 91' lang='lat' dir='ltr'>illum</span> <span class='ocrx_word' id='word_1_185' title='bbox 1068 3323 1175 3409; x_wconf 88' lang='lat' dir='ltr'>possit</span> <span class='ocrx_word' id='word_1_186' title='bbox 1190 3323 1340 3389; x_wconf 82' lang='lat' dir='ltr'>dedicere</span> <span class='ocrx_word' id='word_1_187' title='bbox 1355 3345 1413 3390; x_wconf 89' lang='lat' dir='ltr'>seu</span> 
     </span>
     <span class='ocr_line' id='line_1_25' title="bbox 363 3423 1413 3513; baseline 0.001 -22"><span class='ocrx_word' id='word_1_188' title='bbox 363 3426 535 3492; x_wconf 86' lang='lat' dir='ltr'>abeodem</span> <span class='ocrx_word' id='word_1_189' title='bbox 560 3427 712 3492; x_wconf 88' lang='lat' dir='ltr'>recedere</span> <span class='ocrx_word' id='word_1_190' title='bbox 737 3429 914 3513; x_wconf 84' lang='lat' dir='ltr'>postquam</span> <span class='ocrx_word' id='word_1_191' title='bbox 938 3423 1117 3491; x_wconf 71' lang='lat' dir='ltr'>Ducarius</span> <span class='ocrx_word' id='word_1_192' title='bbox 1143 3425 1208 3492; x_wconf 83' lang='lat' dir='ltr'>Dei</span> <span class='ocrx_word' id='word_1_193' title='bbox 1230 3427 1318 3492; x_wconf 86' lang='lat' dir='ltr'>inter</span> <span class='ocrx_word' id='word_1_194' title='bbox 1338 3449 1413 3492; x_wconf 90' lang='lat' dir='ltr'>con·</span> 
     </span>
     <span class='ocr_line' id='line_1_26' title="bbox 363 3527 1414 3618; baseline 0.001 -24"><span class='ocrx_word' id='word_1_195' title='bbox 363 3528 532 3595; x_wconf 75' lang='lat' dir='ltr'>trahentes</span> <span class='ocrx_word' id='word_1_196' title='bbox 552 3529 652 3594; x_wconf 85' lang='lat' dir='ltr'>datus</span> <span class='ocrx_word' id='word_1_197' title='bbox 675 3528 779 3594; x_wconf 85' lang='lat' dir='ltr'>inerit</span> <span class='ocrx_word' id='word_1_198' title='bbox 802 3533 837 3594; x_wconf 90' lang='lat' dir='ltr'>et</span> <span class='ocrx_word' id='word_1_199' title='bbox 859 3539 1020 3616; x_wconf 86' lang='lat' dir='ltr'>receptus.</span> <span class='ocrx_word' id='word_1_200' title='bbox 1066 3527 1164 3595; x_wconf 84' lang='lat' dir='ltr'>Etsi</span> <span class='ocrx_word' id='word_1_201' title='bbox 1187 3528 1301 3596; x_wconf 81' lang='lat' dir='ltr'>iorum</span> <span class='ocrx_word' id='word_1_202' title='bbox 1316 3551 1414 3618; x_wconf 90' lang='lat' dir='ltr'>snper</span> 
     </span>
     <span class='ocr_line' id='line_1_27' title="bbox 362 3631 1411 3723; baseline 0.002 -24"><span class='ocrx_word' id='word_1_203' title='bbox 362 3637 536 3699; x_wconf 84' lang='lat' dir='ltr'>contractu</span> <span class='ocrx_word' id='word_1_204' title='bbox 562 3631 756 3717; x_wconf 89' lang='lat' dir='ltr'>hujusmodi</span> <span class='ocrx_word' id='word_1_205' title='bbox 787 3631 957 3698; x_wconf 89' lang='lat' dir='ltr'>contentio</span> <span class='ocrx_word' id='word_1_206' title='bbox 984 3631 1123 3709; x_wconf 86' lang='lat' dir='ltr'>oriatur,</span> <span class='ocrx_word' id='word_1_207' title='bbox 1148 3632 1209 3698; x_wconf 85' lang='lat' dir='ltr'>fiat</span> <span class='ocrx_word' id='word_1_208' title='bbox 1232 3632 1311 3700; x_wconf 90' lang='lat' dir='ltr'>inde</span> <span class='ocrx_word' id='word_1_209' title='bbox 1336 3655 1411 3723; x_wconf 91' lang='lat' dir='ltr'>pro·</span> 
     </span>
     <span class='ocr_line' id='line_1_28' title="bbox 364 3735 1411 3805; baseline 0.003 -3"><span class='ocrx_word' id='word_1_210' title='bbox 364 3736 455 3802; x_wconf 78' lang='lat' dir='ltr'>batto</span> <span class='ocrx_word' id='word_1_211' title='bbox 469 3735 650 3802; x_wconf 89' lang='lat' dir='ltr'>secundum</span> <span class='ocrx_word' id='word_1_212' title='bbox 670 3755 750 3800; x_wconf 88' lang='lat' dir='ltr'>usus</span> <span class='ocrx_word' id='word_1_213' title='bbox 773 3737 809 3799; x_wconf 90' lang='lat' dir='ltr'>et</span> <span class='ocrx_word' id='word_1_214' title='bbox 832 3735 1087 3802; x_wconf 87' lang='lat' dir='ltr'>consuetudines</span> <span class='ocrx_word' id='word_1_215' title='bbox 1111 3735 1267 3802; x_wconf 77' lang='lat' dir='ltr'>feriarum</span> <span class='ocrx_word' id='word_1_216' title='bbox 1286 3742 1322 3804; x_wconf 90' lang='lat' dir='ltr'>et</span> <span class='ocrx_word' id='word_1_217' title='bbox 1336 3739 1411 3805; x_wconf 88' lang='lat' dir='ltr'>vill-</span> 
     </span>
     <span class='ocr_line' id='line_1_29' title="bbox 362 3836 1410 3927; baseline 0.003 -23"><span class='ocrx_word' id='word_1_218' title='bbox 362 3859 458 3904; x_wconf 84' lang='lat' dir='ltr'>arum</span> <span class='ocrx_word' id='word_1_219' title='bbox 482 3837 541 3903; x_wconf 91' lang='lat' dir='ltr'>ubi</span> <span class='ocrx_word' id='word_1_220' title='bbox 571 3836 700 3904; x_wconf 85' lang='lat' dir='ltr'>dictum</span> <span class='ocrx_word' id='word_1_221' title='bbox 727 3839 937 3902; x_wconf 88' lang='lat' dir='ltr'>contractum</span> <span class='ocrx_word' id='word_1_222' title='bbox 967 3836 1041 3901; x_wconf 87' lang='lat' dir='ltr'>fieri</span> <span class='ocrx_word' id='word_1_223' title='bbox 1065 3838 1245 3927; x_wconf 84' lang='lat' dir='ltr'>contigerit</span> <span class='ocrx_word' id='word_1_224' title='bbox 1269 3844 1302 3904; x_wconf 88' lang='lat' dir='ltr'>et</span> <span class='ocrx_word' id='word_1_225' title='bbox 1324 3839 1410 3908; x_wconf 91' lang='lat' dir='ltr'>iniri.</span> 
     </span>
     <span class='ocr_line' id='line_1_30' title="bbox 244 3937 1413 4024; baseline 0.009 -24"><span class='ocrx_word' id='word_1_226' title='bbox 244 3985 252 4000; x_wconf 90' lang='lat'><strong>.</strong></span> <span class='ocrx_word' id='word_1_227' title='bbox 321 3983 327 3996; x_wconf 86' lang='lat'><strong>·</strong></span> <span class='ocrx_word' id='word_1_228' title='bbox 363 3939 449 4007; x_wconf 89' lang='lat' dir='ltr'>Item</span> <span class='ocrx_word' id='word_1_229' title='bbox 489 3940 692 4005; x_wconf 83' lang='lat' dir='ltr'>remittimus</span> <span class='ocrx_word' id='word_1_230' title='bbox 739 3943 774 4004; x_wconf 90' lang='lat' dir='ltr'>et</span> <span class='ocrx_word' id='word_1_231' title='bbox 812 3937 1000 4024; x_wconf 83' lang='lat' dir='ltr'>quictamus</span> <span class='ocrx_word' id='word_1_232' title='bbox 1038 3939 1137 4008; x_wconf 82' lang='lat' dir='ltr'>dictis</span> <span class='ocrx_word' id='word_1_233' title='bbox 1176 3945 1413 4012; x_wconf 73' lang='lat' dir='ltr'>mercatoribus</span> 
     </span>
     <span class='ocr_line' id='line_1_31' title="bbox 362 4041 1414 4128; baseline 0.006 -20"><span class='ocrx_word' id='word_1_234' title='bbox 362 4043 403 4108; x_wconf 92' lang='lat' dir='ltr'>de</span> <span class='ocrx_word' id='word_1_235' title='bbox 426 4043 514 4110; x_wconf 88' lang='lat' dir='ltr'>dicto</span> <span class='ocrx_word' id='word_1_236' title='bbox 553 4042 685 4108; x_wconf 86' lang='lat' dir='ltr'>Dncatn</span> <span class='ocrx_word' id='word_1_237' title='bbox 723 4041 816 4106; x_wconf 84' lang='lat' dir='ltr'>illam</span> <span class='ocrx_word' id='word_1_238' title='bbox 853 4041 979 4128; x_wconf 88' lang='lat' dir='ltr'>prisam</span> <span class='ocrx_word' id='word_1_239' title='bbox 1010 4049 1190 4128; x_wconf 85' lang='lat' dir='ltr'>antequam</span> <span class='ocrx_word' id='word_1_240' title='bbox 1213 4046 1254 4112; x_wconf 90' lang='lat' dir='ltr'>de</span> <span class='ocrx_word' id='word_1_241' title='bbox 1285 4047 1414 4114; x_wconf 87' lang='lat' dir='ltr'>duobus</span> 
     </span>
     <span class='ocr_line' id='line_1_32' title="bbox 362 4143 1414 4231; baseline 0.006 -21"><span class='ocrx_word' id='word_1_242' title='bbox 362 4145 465 4211; x_wconf 84' lang='lat' dir='ltr'>dolcis</span> <span class='ocrx_word' id='word_1_243' title='bbox 495 4143 575 4223; x_wconf 83' lang='lat' dir='ltr'>vini,</span> <span class='ocrx_word' id='word_1_244' title='bbox 596 4166 670 4231; x_wconf 83' lang='lat' dir='ltr'>quae</span> <span class='ocrx_word' id='word_1_245' title='bbox 694 4145 735 4210; x_wconf 92' lang='lat' dir='ltr'>de</span> <span class='ocrx_word' id='word_1_246' title='bbox 760 4143 910 4231; x_wconf 83' lang='lat' dir='ltr'>qualibet</span> <span class='ocrx_word' id='word_1_247' title='bbox 930 4166 1015 4210; x_wconf 87' lang='lat' dir='ltr'>nave</span> <span class='ocrx_word' id='word_1_248' title='bbox 1042 4147 1131 4212; x_wconf 88' lang='lat' dir='ltr'>vinis</span> <span class='ocrx_word' id='word_1_249' title='bbox 1164 4155 1295 4214; x_wconf 80' lang='lat' dir='ltr'>carrata</span> <span class='ocrx_word' id='word_1_250' title='bbox 1324 4150 1414 4217; x_wconf 84' lang='lat' dir='ltr'>infra</span> 
     </span>
     <span class='ocr_line' id='line_1_33' title="bbox 362 4248 1413 4334; baseline 0.009 -22"><span class='ocrx_word' id='word_1_251' title='bbox 362 4269 501 4334; x_wconf 81' lang='lat' dir='ltr'>regnum</span> <span class='ocrx_word' id='word_1_252' title='bbox 516 4267 574 4313; x_wconf 88' lang='lat' dir='ltr'>seu</span> <span class='ocrx_word' id='word_1_253' title='bbox 590 4251 790 4334; x_wconf 84' lang='lat' dir='ltr'>potestatem</span> <span class='ocrx_word' id='word_1_254' title='bbox 814 4251 964 4313; x_wconf 86' lang='lat' dir='ltr'>nostram</span> <span class='ocrx_word' id='word_1_255' title='bbox 979 4248 1176 4334; x_wconf 82' lang='lat' dir='ltr'>applicante,</span> <span class='ocrx_word' id='word_1_256' title='bbox 1193 4271 1306 4329; x_wconf 88' lang='lat' dir='ltr'>unum,</span> <span class='ocrx_word' id='word_1_257' title='bbox 1321 4253 1413 4321; x_wconf 90' lang='lat' dir='ltr'>vide-</span> 
     </span>
     <span class='ocr_line' id='line_1_34' title="bbox 362 4348 1414 4437; baseline 0.008 -23"><span class='ocrx_word' id='word_1_258' title='bbox 362 4348 449 4428; x_wconf 89' lang='lat' dir='ltr'>licet,</span> <span class='ocrx_word' id='word_1_259' title='bbox 473 4355 552 4416; x_wconf 83' lang='lat' dir='ltr'>ante</span> <span class='ocrx_word' id='word_1_260' title='bbox 576 4349 710 4426; x_wconf 77' lang='lat' dir='ltr'>mulum,</span> <span class='ocrx_word' id='word_1_261' title='bbox 729 4354 764 4415; x_wconf 88' lang='lat' dir='ltr'>et</span> <span class='ocrx_word' id='word_1_262' title='bbox 786 4349 878 4414; x_wconf 87' lang='lat' dir='ltr'>aliud</span> <span class='ocrx_word' id='word_1_263' title='bbox 900 4355 989 4416; x_wconf 88' lang='lat' dir='ltr'>retro</span> <span class='ocrx_word' id='word_1_264' title='bbox 1019 4371 1135 4437; x_wconf 84' lang='lat' dir='ltr'>capere</span> <span class='ocrx_word' id='word_1_265' title='bbox 1165 4354 1414 4437; x_wconf 80' lang='lat' dir='ltr'>consuevimus3</span> 
     </span>
     <span class='ocr_line' id='line_1_35' title="bbox 362 4451 1413 4542; baseline 0.006 -24"><span class='ocrx_word' id='word_1_266' title='bbox 362 4452 571 4518; x_wconf 87' lang='lat' dir='ltr'>remittentes</span> <span class='ocrx_word' id='word_1_267' title='bbox 604 4451 751 4538; x_wconf 87' lang='lat' dir='ltr'>insuper,</span> <span class='ocrx_word' id='word_1_268' title='bbox 772 4451 962 4538; x_wconf 87' lang='lat' dir='ltr'>eisdemque</span> <span class='ocrx_word' id='word_1_269' title='bbox 986 4455 1222 4520; x_wconf 80' lang='lat' dir='ltr'>mercatoribus</span> <span class='ocrx_word' id='word_1_270' title='bbox 1244 4477 1303 4542; x_wconf 91' lang='lat' dir='ltr'>pro</span> <span class='ocrx_word' id='word_1_271' title='bbox 1317 4459 1413 4525; x_wconf 87' lang='lat' dir='ltr'>nobis</span> 
     </span>
     <span class='ocr_line' id='line_1_36' title="bbox 363 4553 1413 4646; baseline 0.008 -26"><span class='ocrx_word' id='word_1_272' title='bbox 363 4560 397 4620; x_wconf 87' lang='lat' dir='ltr'>et</span> <span class='ocrx_word' id='word_1_273' title='bbox 426 4553 612 4621; x_wconf 78' lang='lat' dir='ltr'>haeredibus</span> <span class='ocrx_word' id='word_1_274' title='bbox 641 4553 764 4619; x_wconf 85' lang='lat' dir='ltr'>nostris</span> <span class='ocrx_word' id='word_1_275' title='bbox 796 4553 1041 4642; x_wconf 88' lang='lat' dir='ltr'>imperpetuum</span> <span class='ocrx_word' id='word_1_276' title='bbox 1068 4555 1292 4635; x_wconf 85' lang='lat' dir='ltr'>concedentes,</span> <span class='ocrx_word' id='word_1_277' title='bbox 1324 4563 1413 4646; x_wconf 90' lang='lat' dir='ltr'>quod</span> 
     </span>
     <span class='ocr_line' id='line_1_37' title="bbox 362 4656 1412 4744; baseline 0.007 -21"><span class='ocrx_word' id='word_1_278' title='bbox 362 4658 555 4744; x_wconf 73' lang='lat' dir='ltr'>praedictum</span> <span class='ocrx_word' id='word_1_279' title='bbox 575 4657 709 4743; x_wconf 84' lang='lat' dir='ltr'>prisam,</span> <span class='ocrx_word' id='word_1_280' title='bbox 723 4656 779 4722; x_wconf 85' lang='lat' dir='ltr'>vel</span> <span class='ocrx_word' id='word_1_281' title='bbox 806 4678 1038 4744; x_wconf 85' lang='lat' dir='ltr'>quamcunque</span> <span class='ocrx_word' id='word_1_282' title='bbox 1065 4659 1163 4726; x_wconf 85' lang='lat' dir='ltr'>aliam</span> <span class='ocrx_word' id='word_1_283' title='bbox 1184 4661 1339 4728; x_wconf 76' lang='lat' dir='ltr'>vinomm</span> <span class='ocrx_word' id='word_1_284' title='bbox 1358 4665 1412 4730; x_wconf 87' lang='lat' dir='ltr'>vel</span> 
     </span>
     <span class='ocr_line' id='line_1_38' title="bbox 362 4758 1412 4846; baseline 0.011 -24"><span class='ocrx_word' id='word_1_285' title='bbox 362 4759 503 4832; x_wconf 78' lang='lat' dir='ltr'>aliorum</span> <span class='ocrx_word' id='word_1_286' title='bbox 519 4758 807 4828; x_wconf 79' lang='lat' dir='ltr'>mercimoniorum</span> <span class='ocrx_word' id='word_1_287' title='bbox 832 4779 978 4837; x_wconf 89' lang='lat' dir='ltr'>suornm,</span> <span class='ocrx_word' id='word_1_288' title='bbox 992 4781 1053 4846; x_wconf 90' lang='lat' dir='ltr'>per</span> <span class='ocrx_word' id='word_1_289' title='bbox 1075 4783 1136 4827; x_wconf 88' lang='lat' dir='ltr'>nos</span> <span class='ocrx_word' id='word_1_290' title='bbox 1158 4762 1213 4830; x_wconf 85' lang='lat' dir='ltr'>vel</span> <span class='ocrx_word' id='word_1_291' title='bbox 1235 4763 1338 4830; x_wconf 83' lang='lat' dir='ltr'>alium</span> <span class='ocrx_word' id='word_1_292' title='bbox 1354 4788 1412 4840; x_wconf 84' lang='lat' dir='ltr'>een</span> 
     </span>
    </p>
   </div>
   <div class='ocr_carea' id='block_1_3' title="bbox 0 0 1807 5752">
    <p class='ocr_par' dir='ltr' id='par_1_3' title="bbox 0 0 1807 5752">
     <span class='ocr_line' id='line_1_39' title="bbox 0 0 1807 5752; baseline 0 0"><span class='ocrx_word' id='word_1_293' title='bbox 0 0 1807 5752; x_wconf 95' lang='lat' dir='ltr'> </span> 
     </span>
    </p>
   </div>
  </div>
 </body>
</html>
