3598 5752
404 867 492 930 1030
648 881 750 932 urens
772 883 909 933 aeneus
932 883 978 932 nn
999 881 1195 933 ‘macomus

273 1081 358 1146 remp.
403 1066 497 1132 dedit
511 1067 664 1132 dominus
687 1067 759 1133 Rex
776 1067 924 1134 Waltero
945 1068 987 1133 de
1003 1067 1103 1154 Grey,
1120 1067 1318 1134 Eboracensi
1334 1066 1449 1134 Archi-

246 1149 376 1199 H⁰⁰·¹¹¹·
404 1171 561 1256 episcopo.
618 1170 662 1235 Et
699 1171 890 1258 praedictam
938 1171 1121 1236 custodiam
1159 1170 1200 1236 de
1232 1169 1320 1236 Orde
1358 1169 1451 1235 dedit

403 1272 556 1338 dominus
580 1273 761 1339 Nicholaus
784 1275 964 1361 Episcopus
991 1274 1157 1340 Willelmo
1184 1273 1223 1338 de
1254 1273 1451 1339 Brademere

403 1379 437 1440 et
452 1373 618 1438 Willelnro
633 1375 759 1453 Russel,
775 1375 951 1461 nepotibus
967 1375 1109 1441 Abbatis
1132 1375 1172 1440 de
1189 1374 1360 1440 Evesham.

235 1771 298 1820 m.
315 1775 387 1822 1³2⁷·
404 1775 557 1842 nervon
582 1776 746 1842 ensvrs
773 1778 835 1842 ns
861 1777 1025 1844 unone
1052 1775 1232 1843 smmno
1255 1775 1317 1841 os
1344 1775 1451 1854 Quu-

241 1863 378 1913 nece
493 1880 818 2051 ppffilufloum
855 1881 1010 1948 nurse
1043 1880 1228 1948 soumis
1257 1877 1450 1946 elvens-

448 2123 639 2200 Edwardus
663 2121 726 2188 Dei
748 2123 865 2208 gratie,
890 2123 963 2189 Rex
986 2123 1127 2210 Angliae,
1146 2121 1308 2188 Dominus
1331 2121 1451 2186 Hiber-

402 2226 467 2290 niae
491 2234 524 2290 et
548 2223 628 2290 Dux
653 2225 854 2310 Aquitania,
873 2224 1091 2292 Thesaumrio
1116 2230 1149 2292 et
1175 2224 1358 2290 Beronibus
1383 2222 1451 2288 suis

404 2329 444 2392 ‹le
469 2327 649 2403 Seocmrio,
675 2327 827 2392 salutem.
882 2325 967 2394 Cum
992 2329 1027 2392 in
1055 2329 1211 2414 praesenti
1228 2326 1450 2393 Parliamento

402 2436 517 2496 nostro
534 2429 623 2515 apud
641 2429 970 2495 westmonasterium
990 2436 1179 2507 convocato,
1203 2451 1346 2517 pernes,
1368 2450 1449 2515 pree·

403 2532 497 2608 latos,
512 2532 656 2607 comites,
671 2531 819 2608 barones,
836 2537 1007 2618 magnetes
1023 2539 1056 2597 et
1072 2533 1342 2598 communitatem
1358 2531 1451 2618 regni

402 2633 508 2699 nostri
533 2633 656 2698 ibidem
681 2635 861 2698 existentes
886 2635 939 2712 sit,
962 2635 1051 2700 inter
1076 2641 1200 2712 caetera,
1217 2633 1451 2700 concordatum

403 2736 491 2822 quod
517 2757 630 2800 omnes
660 2735 709 2799 illi
741 2737 798 2820 qui
821 2741 969 2822 tempore
1000 2737 1124 2802 domini
1155 2735 1320 2813 Edwardi‚
1346 2757 1452 2821 nuper

403 2839 503 2925 Regis
533 2837 673 2924 Angliee‚
696 2837 802 2922 petris
832 2838 947 2914 nostri,
970 2837 1011 2902 de
1042 2839 1176 2924 querela
1207 2837 1344 2903 Thomre
1370 2843 1452 2903 tunc

402 2939 542 3006 Comitis
560 2938 758 3004 Lancestriae
782 2938 923 3016 fuerunt,
935 2939 978 3004 ad
994 2939 1257 3026 prosequendum
1275 2939 1451 3026 Hugonem

402 3043 433 3107 le
471 3041 665 3128 Despenser,
699 3040 878 3119 Seniorem‚
909 3047 943 3108 et
982 3043 1159 3129 Hugonem
1193 3043 1223 3107 le
1258 3042 1451 3128 Despenser,

402 3145 587 3222 Juniorem,
599 3144 780 3208 rehabeant
806 3149 911 3209 terres
937 3150 971 3210 et
997 3151 1186 3212 tenemento
1210 3167 1267 3210 suo
1294 3166 1368 3231 quae
1393 3144 1451 3209 ha·

404 3248 556 3324 buerunt,
594 3257 662 3311 tam
704 3245 741 3310 in
782 3246 946 3312 dominico
987 3269 1087 3334 quam
1129 3248 1164 3313 in
1202 3248 1452 3323 reversionibus,

403 3370 544 3416 unacum
569 3349 787 3425 libertatibus
807 3348 922 3427 feodis,
937 3348 1080 3428 ballivis,
1103 3349 1227 3428 officiis,
1242 3349 1451 3416 advocation·
1525 3351 1529 3360 '

403 3453 477 3516 ibus
494 3450 702 3516 ecclesiarum
727 3455 762 3515 et
786 3451 938 3516 omnibus
963 3451 1037 3516 aliis
1062 3451 1103 3516 ad
1122 3473 1161 3517 ea
1175 3451 1401 3542 spectantibus
1417 3449 1452 3515 in

402 3553 534 3638 Anglia‚
550 3551 671 3616 Wellia
686 3556 720 3617 et
737 3551 907 3630 Hibernia,
924 3575 997 3638 quoe
1017 3553 1184 3620 occasione
1199 3553 1297 3620 diotre
1312 3553 1452 3639 querelae

403 3656 438 3720 in
471 3675 606 3718 menum
632 3652 714 3719 dicti
744 3654 849 3739 petris
874 3655 989 3732 nostri,
1006 3661 1167 3740 tanquam
1191 3653 1254 3720 sibi
1270 3653 1452 3731 forisfacto,

403 3761 501 3843 cepte
536 3761 570 3821 et
608 3755 722 3820 seisita
748 3754 894 3833 fuerunt,
919 3757 954 3819 in
986 3779 1265 3844 quorumcumque
1300 3756 1452 3823 manibus

403 3865 500 3924 terrae
522 3856 588 3921 illae
607 3863 641 3921 et
663 3861 860 3932 tenemento,
876 3857 1053 3935 libertates,
1069 3857 1176 3937 feoda,
1191 3859 1331 3937 bellium,
1347 3857 1453 3924 officia

404 3970 437 4026 et
469 3959 700 4025 advocationes
732 3959 947 4052 devenerunt,
970 3961 1039 4026 sive
1062 3962 1102 4026 ad
1128 3983 1244 4026 monus
1275 3983 1451 4048 puerorum

405 4063 493 4128 infra
506 4066 638 4126 aetatem
655 4061 879 4138 existentium,
893 4061 962 4126 sive
973 4062 1112 4127 aliorum
1125 4085 1185 4150 per
1196 4063 1452 4138 feoffamentum

403 4164 457 4228 vel
473 4163 538 4228 elio
554 4162 658 4227 modo.
705 4160 842 4226 Necnon
867 4162 977 4228 exitus
992 4169 1027 4228 et
1041 4166 1207 4252 arreragie
1221 4165 1392 4229 firmarum
1411 4163 1452 4228 de

403 4266 524 4352 quibus
554 4264 694 4350 praelato
725 4263 813 4350 patri
839 4269 953 4330 nostro
983 4287 1175 4352 responsum
1202 4287 1269 4330 non
1299 4265 1384 4346 fuit;
1414 4287 1452 4331 ao

403 4369 503 4434 etiam
527 4366 616 4432 bone
637 4371 672 4431 et
703 4367 825 4432 catella
846 4389 906 4432 sue
929 4367 1038 4434 adhuc
1064 4369 1201 4433 invente
1227 4374 1261 4434 et
1292 4369 1327 4431 in
1349 4389 1453 4433 manu

404 4474 518 4534 nostra
533 4468 720 4545 existentia,
736 4489 796 4554 pro
811 4489 849 4534 eo
874 4469 961 4554 quod
978 4469 1110 4556 querela
1135 4469 1293 4555 praedicte.
1312 4471 1349 4534 in
1364 4469 1453 4537 dioto

439 4735 512 4786 ¹The
531 4743 581 4784 rest
600 4734 629 4784 of
645 4735 687 4784 the
707 4734 761 4784 title
780 4733 801 4782 is
817 4750 845 4783 es
860 4735 908 4784 fol·
929 4739 932 4803 l
954 4733 1058 4784 deceno
1068 4737 1149 4800 primo
1160 4735 1240 4799 Βορέα
1249 4735 1375 4786 Eduardi
1384 4737 1454 4786 tertii

404 4812 605 4880 lover—“quod
616 4821 653 4863 est
670 4815 737 4864 inter
755 4813 907 4864 Communia
929 4848 931 4865 .
948 4821 1006 4880 port
1021 4813 1214 4878 conquestum?
