3598 5752
578 917 681 971 muru
702 917 840 968 nunnus
863 917 911 966 nn
933 917 1129 969 scucosmo.
1292 907 1377 972 1049

323 1104 512 1191 Augustini,
530 1103 763 1182 scaniensis,
778 1105 1097 1183 Grandimontensis,
1114 1110 1148 1171 et
1167 1106 1309 1172 aliorum
1325 1129 1376 1173 or·
1393 1123 1461 1175 Al).
1477 1129 1549 1178 1³01.

322 1209 446 1287 diuum,
461 1230 522 1274 nec
537 1207 625 1274 nonl
648 1208 820 1274 domorum
836 1208 942 1273 beatae
967 1206 1083 1274 Mariae
1099 1209 1377 1277 Theotonicorum

321 1315 355 1378 et
379 1310 622 1377 Calatrensium
645 1310 818 1396 prioribus,
833 1309 1102 1396 praeceptoribus,
1118 1333 1177 1377 seu
1199 1313 1377 1398 magistris,

319 1414 510 1500 conterimus
525 1413 679 1478 omnibns
694 1413 843 1500 personis
863 1413 1101 1490 ecclesiasticis,
1116 1415 1325 1500 regularibus
1339 1423 1376 1483 et

318 1517 537 1594 sacularibus,
566 1516 731 1602 exemptis
765 1521 800 1582 et
829 1536 896 1581 non
935 1516 1106 1602 exemptis,
1137 1539 1196 1604 per
1233 1541 1373 1608 regnum

317 1617 449 1704 Angliae
461 1618 660 1694 constitutis,
672 1618 813 1682 salutem
825 1622 860 1682 et
871 1617 1087 1704 apostolicam
1099 1618 1372 1690 benedictionem,

364 1722 519 1788 Excitare
563 1771 572 1786 .
618 1771 625 1788 .
672 1720 694 1788 ‚²
730 1720 937 1786 subditorum
978 1721 1076 1787 corda
1113 1721 1262 1788 fidelium
1293 1723 1372 1792 fidei

317 1825 414 1902 zelus,
431 1823 617 1890 devehonis
632 1823 751 1900 fervor,
766 1831 801 1888 et
824 1823 1057 1909 compassionis
1080 1824 1187 1910 pietas
1210 1847 1289 1912 erga
1303 1826 1369 1893 Ro·

316 1949 447 1994 manam
465 1927 656 2012 [ecclesiam
668 1946 742 2012 quea
764 1925 1011 2011 uni]versarum
1035 1926 1245 1992 ecclesiarum
1262 1934 1369 1994 mater

267 2101 273 2114 ,
316 2052 386 2096 esse
412 2030 595 2096 dinoscitur
621 2036 656 2094 ot
681 2028 849 2116 magistra,
875 2034 915 2092 ut
938 2027 1062 2113 singuli
1086 2029 1143 2112 qui
1168 2051 1241 2094 eam
1265 2053 1367 2096 unam

316 2141 464 2204 sanctam
480 2135 674 2202 catholicam
690 2139 725 2200 et
740 2133 954 2220 apostolicam
975 2134 1176 2200 confitentur
1198 2136 1367 2201 ecclesiam

316 2239 359 2305 de
373 2239 477 2326 ipsius
491 2238 597 2326 gloria
611 2236 830 2324 gratulentur,
839 2237 880 2300 de
896 2236 1000 2320 ipsius
1010 2237 1211 2302 contumelia
1226 2237 1368 2316 doleant,

316 2346 352 2405 et
370 2342 405 2412 in
431 2340 500 2406 suis
527 2337 681 2404 oneribus
705 2343 740 2404 et
765 2337 924 2424 pressuris
951 2336 1084 2404 filialem
1112 2341 1368 2425 compassionem

316 2446 499 2520 exerceant,
511 2447 546 2507 et
558 2445 724 2526 exurgant
732 2441 838 2526 gratis
848 2439 1018 2506 affectibus
1030 2445 1065 2505 et
1077 2441 1231 2526 operibus
1240 2443 1367 2508 studio-

316 2545 362 2611 sis
373 2546 415 2611 ad
427 2545 499 2630 ejus
514 2566 615 2610 onera
626 2543 840 2620 sublevanda,
856 2547 895 2607 ut
910 2542 941 2606 ci
959 2541 1051 2607 filiali
1061 2543 1174 2608 debito
1189 2545 1366 2629 persoluta

315 2647 387 2733 ipsa
414 2651 520 2714 mater
550 2645 766 2732 gratitudinis
796 2644 1094 2731 promptitudinem
1121 2645 1307 2713 devotionis
1332 2653 1367 2714 et

315 2750 509 2816 reverentiae
535 2749 779 2815 observantiam
803 2749 839 2812 in
863 2747 941 2812 filiis
964 2769 1205 2834 recognoscens,
1235 2772 1269 2815 se
1300 2751 1366 2817 illis

315 2853 468 2920 laetanter
490 2852 667 2938 benignam
694 2850 850 2917 exhibeat
875 2855 910 2915 et
940 2853 1135 2936 opportunis
1159 2854 1365 2938 temporibus

315 2977 514 3043 generosam.
560 2955 647 3021 Sane
670 2974 737 3019 nou
760 2953 844 3020 latet
859 2953 895 3018 in
919 2953 1042 3018 abditis
1058 2975 1116 3018 seu
1140 2977 1197 3040 per
1221 2954 1368 3022 diversos

316 3058 403 3125 orbis
432 3058 570 3146 ungulos
600 3056 778 3124 innotescit
808 3055 953 3140 qualiter
979 3055 1050 3140 jam
1089 3056 1179 3143 longi
1210 3059 1368 3145 temporis

316 3163 423 3248 spatio
451 3161 618 3248 quondum
645 3159 763 3226 Petrus
788 3158 867 3223 olim
892 3157 965 3222 Rex
990 3159 1183 3244 Aragonum
1209 3161 1368 3228 subdolus

315 3263 472 3352 nequitia
486 3267 703 3351 perpetrator,
712 3267 747 3328 et
758 3262 997 3346 subsequenter
1013 3260 1151 3327 diversis
1162 3265 1367 3350 temporibus

314 3367 385 3432 nati
400 3366 480 3453 ejus,
495 3366 559 3432 sibi
574 3365 787 3432 succedentes
802 3364 838 3431 in
851 3363 945 3442 vitio,
960 3367 1076 3429 contre
1093 3385 1153 3428 nos
1177 3373 1211 3431 et
1228 3367 1366 3434 eandem

315 3469 480 3534 ecclesiam
517 3473 552 3534 et
590 3467 795 3532 carissimum
830 3465 868 3530 in
905 3463 1039 3530 Christo
1069 3465 1177 3531 filium
1214 3476 1366 3535 nostrum

315 3569 555 3655 E[drnundnm]
583 3568 705 3636 Sicilire
732 3568 856 3654 Regem
876 3565 1050 3646 illustrem,
1070 3567 1218 3634 Insulam
1244 3569 1367 3637 Sicilia

313 3679 514 3759 occuparunt
544 3695 582 3740 ac
611 3675 800 3748 tenuerunt,
824 3675 859 3736 et
889 3668 998 3735 adhuc
1031 3670 1132 3734 etiam
1162 3692 1222 3756 pro
1247 3674 1365 3759 majori

314 3781 406 3862 parte
421 3777 582 3853 detinent,
597 3775 751 3861 nequiter
767 3777 968 3860 occupatum,
984 3793 1125 3858 quarum
1141 3777 1366 3860 occupationis

314 3883 347 3942 et
361 3878 562 3944 detentionis
587 3877 754 3944 occasione
779 3881 814 3942 et
838 3895 937 3940 causa
958 3873 1099 3961 contigit
1120 3875 1198 3940 olim
1222 3878 1366 3963 perditio

315 3979 422 4046 Terrae
437 3979 575 4046 Sanctae.
616 3979 681 4046 Sed
697 3999 758 4043 nec
773 3977 804 4042 ci
821 3977 931 4063 potuit
955 3988 1157 4062 oportunum
1181 3979 1365 4046 ministrari

313 4083 497 4148 subsidium
508 4083 549 4147 de
565 4081 716 4168 partibus
734 4078 938 4158 cismarinis;
961 4082 996 4143 et
1015 4079 1167 4164 quamvis
1183 4081 1365 4168 inopinatis

313 4185 447 4251 auxiliis
477 4205 514 4250 ac
544 4183 716 4272 inspiratis
746 4181 909 4270 operibus,
940 4181 1149 4248 illucescente
1176 4183 1226 4247 illi
1256 4186 1365 4271 gratia

313 4285 505 4366 Salvatoris‚
533 4285 579 4352 sit
609 4286 672 4373 ipsi
707 4285 816 4350 Terrae
857 4283 989 4350 Sancta
1020 4284 1076 4348 via
1109 4287 1364 4370 recuperationis

315 4389 534 4476 reparationis
557 4393 592 4454 et
614 4386 869 4454 inhabitationis
890 4391 1016 4472 aperta,
1031 4390 1144 4452 tamen
1168 4388 1210 4453 ob
1230 4389 1365 4456 indura·

316 4497 382 4556 tam
403 4493 587 4577 antiquatae
605 4490 676 4576 jam
702 4489 889 4555 rebellionis
910 4488 1095 4574 nequitiam
1117 4489 1304 4556 Siculorum
1329 4501 1363 4560 et

347 4707 416 4760 ¹aeu
428 4725 479 4759 aon
490 4706 517 4758 in
528 4706 588 4758 MS.
862 4713 912 4756 two
945 4702 1076 4770 following
1108 4721 1196 4774 pagus,
1229 4711 1366 4778 rendering

347 4786 475 4838 ²ltilaced
490 4787 553 4852 byn
570 4785 636 4837 stain
653 4784 680 4836 in
691 4785 734 4834 the
753 4785 817 4843 MS„
863 4783 960 4835 several
972 4783 1126 4848 subsequent
1137 4787 1220 4838 words
1231 4786 1348 4856 illegible.

315 4865 398 4916 uhicb
417 4866 464 4916 has
478 4867 627 4932 penetrated
645 4864 756 4928 through
775 4864 818 4912 the

1167 4961 1232 5040 oa
