3598 5752
572 929 674 980 amaa
697 931 834 982 auarus
858 931 903 980 nn
926 931 1120 980 aureolam.
1291 917 1376 980 1009

325 1115 445 1202 quibua
460 1139 508 1181 xv
522 1117 635 1204 grania
650 1117 767 1182 divisis
786 1117 822 1181 in
837 1117 896 1203 xij,
908 1123 959 1182 eet
975 1117 1043 1204 xija
1057 1138 1133 1202 para
1149 1116 1285 1182 remedii
1301 1137 1377 1182 eon·

153 1229 207 1278 fo.
222 1233 288 1279 aaa.
326 1219 518 1304 ting[entia]
537 1239 637 1282 unam
665 1219 805 1294 unciam,
822 1240 926 1283 unum
942 1241 1082 1306 granum
1104 1224 1138 1284 et
1160 1223 1279 1304 quarta
1301 1239 1377 1305 pare

326 1321 425 1386 uniua
434 1321 536 1408 grani.
577 1321 621 1387 Et
630 1321 676 1387 eie
688 1322 824 1388 allaium
837 1327 871 1387 et
884 1322 1065 1388 remedium
1076 1321 1118 1386 ad
1131 1343 1232 1386 unam
1244 1322 1376 1386 unciam

324 1425 397 1488 auri
412 1445 447 1490 ee
463 1424 617 1490 extendit
640 1425 683 1490 ad
698 1426 765 1490 tria
792 1447 898 1512 grana
914 1431 949 1490 et
973 1424 1150 1490 dimidium
1167 1429 1201 1490 et
1221 1429 1376 1510 quartam

327 1531 453 1610 partem
470 1526 570 1591 unius
585 1527 700 1612 grani;
724 1532 758 1593 et
774 1528 835 1592 hoe
850 1527 947 1592 modo
963 1527 991 1592 si
1007 1527 1107 1592 uncia
1122 1527 1196 1592 auri
1208 1527 1377 1592 contineat

327 1627 401 1714 plue
425 1629 464 1694 de
487 1629 586 1694 allaio
609 1631 691 1715 quin
706 1629 752 1695 ait
766 1651 885 1716 purum
909 1651 1028 1694 aurum
1052 1635 1172 1715 praeter
1195 1629 1376 1716 predictam

327 1730 393 1796 tria
418 1753 522 1818 grana
551 1736 586 1796 et
617 1731 756 1809 dimidii,
778 1737 853 1817 post
883 1731 1173 1810 examinationem,
1198 1736 1311 1818 peceat
1342 1733 1377 1796 in

325 1833 473 1911 materia,
497 1839 531 1899 et
561 1855 628 1898 non
658 1833 699 1898 fit
729 1839 863 1900 moneta
894 1833 1004 1898 debite
1031 1833 1133 1918 juxta
1163 1833 1375 1899 indenturam

322 1935 520 2021 praedictam.

166 2059 268 2112 Nota}
372 2037 415 2102 Et
452 2038 636 2102 notandum
668 2038 756 2122 quod
784 2037 918 2104 allaium
961 2036 1149 2124 ponendum
1185 2038 1227 2102 ad
1257 2060 1375 2104 aurum

327 2143 529 2222 potestesse
558 2138 598 2205 de
624 2161 725 2225 cupro
741 2139 794 2204 vel
820 2140 861 2205 de
886 2147 1025 2228 argente
1037 2161 1044 2218 3
1072 2140 1160 2224 quod
1188 2140 1216 2204 ei
1244 2141 1304 2205 fiat
1334 2142 1375 2206 de

327 2239 486 2327 argent0²
508 2263 708 2328 quamquam
732 2246 847 2328 postea
870 2242 934 2307 rite
957 2243 1152 2328 purificetur
1175 2263 1293 2306 aurum
1317 2265 1375 2330 per

327 2338 437 2424 ignem
453 2339 493 2404 ‹le
509 2339 617 2416 allaio,
633 2339 796 2416 videlieet,
811 2345 849 2403 ut
865 2340 911 2405 sit
927 2339 962 2402 in
988 2339 1063 2426 igne
1079 2361 1139 2425 per
1156 2346 1224 2405 tres
1247 2340 1318 2404 dies
1341 2348 1376 2406 et

326 2446 393 2506 tres
408 2447 529 2519 noctes,
545 2442 654 2508 adhue
669 2463 787 2506 aurum
803 2442 849 2508 sie
866 2440 1077 2507 emendatum
1103 2446 1137 2506 et
1161 2442 1374 2527 purificatum

326 2565 455 2631 semper
477 2545 661 2610 eontinebit
675 2544 817 2631 aliquem
834 2544 975 2610 colorem
992 2545 1031 2610 de
1053 2550 1199 2632 argento,
1215 2550 1249 2610 et
1265 2545 1311 2610 sie
1335 2547 1375 2612 de

326 2667 436 2733 cupro,
451 2647 524 2733 pari
547 2645 656 2712 forma
678 2646 815 2712 habebit
839 2649 980 2712 colorem
1003 2646 1193 2731 aliqualiter
1217 2667 1372 2734 cupreum

326 2755 365 2813 ut
398 2749 526 2836 experti
562 2749 598 2812 in
628 2748 818 2834 hujusmodi
849 2749 989 2814 seientia
1015 2748 1143 2820 dieunt
1207 2749 1250 2814 Et
1276 2749 1375 2816 debet

326 2851 515 2937 hujusmodi
546 2851 689 2918 aasaium
712 2851 784 2916 auri
811 2850 883 2916 fieri
906 2851 941 2914 in
966 2851 1041 2936 igne
1066 2871 1125 2936 per
1145 2850 1180 2936 iij
1199 2851 1270 2916 dies
1286 2857 1320 2917 et
1336 2851 1372 2938 iij

325 2959 436 3020 noctae
452 2955 487 3018 in
503 2954 569 3019 olla
584 2975 658 3020 eum
675 2953 818 3018 cimento
833 2952 873 3018 de
889 2952 1025 3038 pulvere
1049 2952 1239 3040 tegularum
1256 2955 1374 3020 bonar-

326 3079 381 3121 um
397 3063 431 3124 et
446 3057 624 3123 rubearum
640 3063 674 3122 et
689 3057 755 3122 eale
772 3057 813 3121 de
836 3056 943 3142 Peyto
958 3055 994 3119 in
1009 3055 1218 3142 quadruplici
1241 3058 1373 3142 quanti-

325 3164 395 3226 tate
404 3161 477 3226 auri
490 3159 686 3246 purificandi
701 3159 853 3224 faciendo
869 3155 924 3224 et³
940 3158 982 3223 ad
999 3158 1060 3224 hoe
1076 3159 1242 3224 sumendo.
1272 3160 1373 3226 Verbi

324 3265 442 3352 gratia,
457 3265 500 3330 ad
515 3263 634 3328 libram
659 3262 732 3327 auri
758 3260 956 3347 purificandi
971 3281 1044 3346 quae
1060 3261 1208 3326 eontinet
1231 3261 1267 3325 in
1289 3285 1374 3350 puro

324 3389 405 3433 auro
435 3365 518 3450 xxiij
552 3369 681 3430 aeratae
706 3362 742 3448 iij
774 3383 878 3448 grana
909 3368 943 3427 et
974 3361 1160 3440 dimidium,
1194 3368 1232 3427 ut
1262 3385 1373 3449 supra,

324 3471 490 3536 sumendae
506 3472 586 3533 eunt
600 3465 679 3551 iiij⁰r
693 3464 786 3529 librae
802 3464 937 3530 eimenti
954 3464 1040 3528 unde
1057 3464 1122 3528 vii*
1133 3486 1209 3551 pars
1225 3465 1279 3530 vel
1296 3467 1373 3551 viij·

324 3575 388 3640 erit
414 3575 454 3640 de
480 3571 547 3638 sale
572 3571 612 3635 de
637 3569 752 3654 Peyt0‚
768 3575 801 3634 et
828 3573 936 3633 totum
961 3568 1128 3632 residuum
1156 3569 1303 3654 ejusdem
1328 3571 1372 3635 ei-

324 3677 426 3742 menti
443 3675 508 3741 erit
532 3673 573 3738 de
594 3670 729 3759 pulvere
746 3670 907 3734 bonarum
934 3669 1121 3755 tegularum
1138 3676 1172 3735 et
1187 3670 1371 3736 rubearum.

323 3778 385 3856 Ita,
417 3776 582 3850 videlieet,
606 3773 695 3860 quod
729 3771 862 3859 quando
887 3793 1005 3836 aarum
1039 3771 1114 3857 plus
1152 3772 1301 3838 eontinet
1331 3772 1371 3838 de

322 3883 430 3960 allaio,
447 3881 551 3967 niujor
565 3877 736 3965 quantitas
751 3876 829 3941 salis
848 3879 898 3939 eat
920 3875 1118 3961 apponenda
1140 3878 1175 3941 et
1197 3875 1227 3940 ai
1250 3876 1371 3953 minus,

322 3987 430 4050 minor
445 3983 625 4071 quantitas,
642 3989 703 4045 ete.
755 3979 798 4042 l·'.t
814 3979 869 4054 sie,
885 3975 1049 4043 eonsimili
1064 3977 1180 4054 forma,
1196 3978 1238 4042 ad
1254 3979 1369 4063 purifi-

321 4089 461 4156 eandum
477 4091 662 4173 argentum,
679 4089 748 4159 eta,
758 4081 932 4168 plumbum
947 4081 1069 4158 sterile,
1080 4081 1115 4146 id
1130 4086 1181 4147 eet
1196 4081 1370 4168 plumbum

321 4212 438 4278 purum
464 4189 535 4255 sine
561 4192 696 4274 argento
713 4184 765 4250 vel
782 4183 847 4248 alio
862 4182 1005 4260 metallo,
1021 4203 1149 4268 semper
1172 4185 1366 4250 sumendum

322 4293 422 4358 estin
437 4287 646 4378 quadruplici
663 4285 860 4373 quantitate.
887 4283 988 4349 Verbi
1003 4285 1119 4370 gratia,
1136 4283 1178 4348 ad
1195 4284 1368 4351 dimidiam

321 4395 451 4462 unciam
468 4391 599 4480 argenti
615 4387 811 4476 inpendere
827 4387 997 4462 monetati,
1015 4405 1089 4471 quae
1106 4409 1140 4450 se
1156 4386 1309 4452 extendit
1325 4389 1368 4453 ad

324 4497 378 4564 xd.
395 4495 539 4584 pondere
563 4490 770 4580 purificandi,
787 4488 984 4554 sumendum
1000 4493 1051 4553 est
1066 4488 1240 4573 plumbum
1256 4490 1369 4556 sterile

645 4635 725 4642 -..ρ
751 4633 764 4638 -ι

359 4715 365 4746 ¹
377 4715 452 4766 Nota
462 4713 484 4764 ie
495 4711 602 4764 omitted
613 4708 639 4760 in
650 4710 705 4760 Ms.
718 4707 820 4760 Cotton.
894 4704 905 4739 ⁸
916 4705 973 4758 ΜΒ.
985 4703 1086 4756 Cotton.
1098 4703 1173 4755 omits
1185 4711 1217 4756 et.

357 4796 366 4827 ²
378 4795 435 4847 MS.
447 4797 550 4846 Cotton.
573 4790 649 4842 omits
674 4788 820 4853 quod-ar·

325 4885 402 4939 uentu
