3598 5752
621 879 724 929 ursus
746 879 884 929 nunnus
907 879 953 927 nn
977 879 1171 928 scnocsnro.
1340 865 1426 929 1059

376 1055 491 1142 bajuli,
520 1055 670 1142 majores,
696 1053 860 1129 officiales,
891 1055 1073 1120 servientes
1104 1058 1139 1120 et
1165 1053 1291 1119 subditi
1323 1053 1428 1121 Ducis
1446 1073 1599 1125 A.D.1³13.

377 1159 522 1246 ejusdem
549 1160 586 1224 in
610 1158 814 1226 consimilem
838 1163 1004 1224 terrarum
1023 1179 1158 1223 suarum
1180 1157 1234 1222 vel
1255 1179 1428 1245 corporum

377 1263 629 1342 forisfacturam,
646 1285 704 1328 seu
732 1262 957 1350 pecuniariam
983 1262 1037 1326 vel
1062 1261 1161 1326 aliam
1187 1283 1330 1348 poenam,
1346 1261 1429 1328 inci-

379 1365 497 1443 derint,
535 1366 589 1430 vel
636 1366 806 1452 potuerint
855 1365 1084 1430 verisimiliter
1130 1364 1294 1430 incidisse.
1357 1364 1428 1432 Nos

378 1468 529 1558 pulcrum
545 1469 702 1534 vindicta
716 1490 820 1556 genus
836 1469 1001 1555 ignoscere
1017 1471 1212 1554 reputantes
1227 1467 1265 1532 in
1280 1467 1430 1554 quolibet

378 1571 585 1658 praesidente,
599 1577 635 1636 et
655 1572 868 1637 attendentes
893 1571 982 1656 quod
1010 1571 1121 1635 dictus
1146 1569 1220 1635 Rex
1243 1575 1277 1634 et
1296 1570 1376 1634 Dux
1392 1592 1430 1636 nc

379 1673 529 1739 Isabellis
545 1674 615 1760 ejus
639 1695 732 1751 uxor,
748 1673 877 1762 Regina
900 1673 1041 1761 Angliae,
1055 1672 1196 1736 illustris
1218 1672 1290 1736 filia
1316 1678 1431 1738 nostra

379 1775 546 1840 carissima
563 1775 678 1840 diebus
694 1775 768 1840 istis
790 1796 930 1862 regnum
952 1777 1104 1839 nostrum
1120 1773 1269 1840 Francis
1292 1775 1430 1840 visitare

378 1877 534 1956 volentes,
544 1877 627 1945 illud
644 1878 686 1944 ad
703 1878 952 1964 requisitionem
963 1889 1120 1958 nostram,
1131 1897 1198 1941 non
1213 1877 1285 1942 sine
1300 1877 1430 1966 magnis

380 1979 546 2046 laboribus
572 1988 607 2046 et
631 1980 791 2066 expensis,
823 1979 963 2065 ingressi
993 1978 1139 2057 fuerunt,
1166 1983 1201 2044 et
1225 1979 1350 2044 ibidem
1379 2001 1430 2044 as-

380 2087 511 2169 sumpto
535 2083 707 2148 nobiscum
727 2082 907 2148 Dominicis
934 2081 1050 2148 Crucis
1073 2081 1168 2169 signo
1194 2103 1253 2168 pro
1277 2083 1430 2169 passagio

380 2185 601 2251 transmarino
627 2184 775 2251 fecerunt
799 2207 858 2272 per
884 2185 1020 2272 aliquod
1052 2188 1186 2272 tempus
1215 2184 1430 2251 residentiam

380 2287 593 2372 personalem,
609 2288 751 2375 ipsorum
779 2288 1055 2366 consideratione,
1069 2307 1211 2373 quorum
1238 2286 1432 2354 affectamus

380 2390 550 2479 desideriis
575 2391 784 2480 complacere,
812 2396 846 2456 et
874 2391 995 2479 quibus
1026 2411 1085 2455 nos
1112 2390 1251 2456 reddere
1277 2390 1432 2457 volumus

379 2494 532 2560 liberales
547 2516 675 2559 omnem
694 2491 935 2560 sorisfiacturam
959 2500 1132 2571 terrarum,
1148 2495 1430 2581 poenampecuni·

379 2598 493 2677 ariam,
518 2603 552 2662 et
575 2597 675 2662 aliam
701 2618 942 2684 quamcumque
966 2597 999 2660 in
1024 2596 1146 2682 quibus
1167 2596 1255 2660 idem
1273 2597 1352 2660 Dux
1378 2599 1432 2663 vel

379 2702 503 2768 inclitae
526 2702 765 2769 recordationis
790 2701 984 2780 sewardus,
1001 2701 1169 2788 quondam
1192 2699 1334 2766 illustris
1358 2701 1432 2766 Rex

379 2807 518 2895 Anglire
543 2807 734 2895 progenitor
764 2827 844 2870 suus
880 2810 916 2870 et
954 2805 1218 2893 consanguineus
1247 2808 1431 2891 potuerunt

379 2931 457 2996 erga
480 2931 541 2976 nos
566 2932 607 2974 ex
634 2908 802 2995 praedictis
831 2907 887 2973 vel
923 2908 998 2973 aliis
1037 2908 1299 2995 quibuscumque
1324 2910 1431 2974 causis

378 3013 538 3079 hactenus
576 3013 740 3089 incidisse,
778 3012 884 3077 eidem
937 3011 1022 3077 Duci
1061 3033 1189 3076 necnon
1233 3012 1430 3092 senescallis,

380 3115 510 3201 bajulis,
538 3114 728 3200 majoribus,
753 3113 946 3180 officialibus
971 3117 1005 3178 et
1036 3112 1258 3178 servientibus
1289 3113 1367 3192 suis,
1392 3137 1430 3182 ac

381 3217 523 3283 subditis
546 3217 702 3302 ejusdem,
725 3216 947 3302 villarumque
971 3214 1053 3280 dicti
1076 3215 1228 3281 Ducatus
1250 3218 1431 3282 communi-

380 3320 517 3399 tatibus,
533 3321 591 3406 qui
607 3319 734 3384 subditi
758 3324 792 3383 et
807 3319 1072 3396 communitates,
1089 3318 1129 3383 de
1145 3323 1318 3406 praecepto,
1336 3341 1430 3384 man-

382 3427 460 3494 dato
480 3427 534 3492 vel
556 3427 723 3492 occasione
746 3426 875 3490 servitii
898 3425 1001 3490 Ducis
1025 3425 1180 3511 ejusdem,
1195 3424 1248 3490 vel
1271 3424 1431 3490 senescal-

381 3531 487 3596 lorum
517 3535 579 3595 aut
603 3529 743 3594 aliorum
770 3526 961 3592 officialium
985 3547 1130 3604 suorum,
1154 3525 1315 3613 praedicta
1345 3547 1430 3594 com-

381 3633 534 3698 miserint
549 3651 789 3718 quamcumque
805 3629 1051 3694 forisfacturam
1067 3649 1249 3715 corporum,
1264 3633 1430 3694 terrarum

381 3740 416 3802 et
452 3735 622 3812 bonorum,
659 3733 876 3798 bannimenta
910 3753 1105 3818 omnemque
1135 3753 1269 3818 poenam
1296 3733 1430 3818 pecuni-

380 3839 483 3906 ariam
522 3843 582 3904 aut
617 3836 727 3914 aliam,
759 3857 964 3922 quocumque
1000 3834 1135 3900 nomine
1170 3840 1352 3913 censeatur,
1389 3836 1430 3901 de

380 3941 512 4030 speciali
539 3941 648 4028 gratia
677 3939 890 4016 remittimus,
911 3942 945 4002 et
966 3937 1055 4023 ipsos
1082 3959 1194 4002 omnes
1219 3942 1254 4003 et
1279 3937 1429 4025 singulos

380 4045 422 4111 ad
448 4043 571 4110 famam
599 4041 808 4108 restituimus
839 4062 877 4106 ac
908 4062 1037 4106 omnem
1069 4039 1217 4105 inferniae
1248 4044 1372 4118 notam,
1399 4041 1428 4106 si

381 4170 478 4235 quam
489 4169 531 4213 ex
542 4146 720 4234 praemissis
735 4143 974 4220 contraxerint,
989 4141 1159 4208 abolemus
1171 4143 1211 4207 de
1222 4142 1429 4229 plenitudine

380 4250 494 4338 Regiae
513 4248 697 4336 potestatis.
745 4246 846 4312 Salvo
870 4245 907 4308 in
931 4245 1110 4331 praemissis
1132 4243 1209 4329 jure
1231 4245 1379 4330 partium
1395 4251 1430 4310 et

382 4354 530 4440 quolibet
544 4352 664 4426 alieno,
682 4354 846 4437 quantum
869 4347 912 4412 ad
928 4347 1086 4413 interesse
1103 4348 1331 4434 dampnorum,
1351 4347 1429 4412 mis·

380 4479 484 4534 arum,
500 4475 730 4542 expensarum,
746 4458 780 4517 et
796 4472 969 4538 poenarum
990 4449 1140 4515 civilium
1158 4471 1430 4537 quarumcunque

381 4559 437 4645 qui
456 4559 544 4645 ipsos
565 4579 625 4644 per
649 4576 820 4642 processus
843 4553 915 4640 jam
935 4551 1042 4617 factos
1063 4551 1116 4616 vel
1137 4551 1207 4616 fieri
1228 4553 1429 4637 inc[h]0atos

379 4683 437 4726 seu
453 4660 664 4738 inchoanda,
680 4657 829 4746 legitime
852 4655 1007 4742 prosequi
1024 4655 1195 4720 voluerint
1210 4654 1251 4720 ad
1270 4655 1428 4722 interesse

379 4764 582 4854 predictum.
630 4762 726 4845 Quod
754 4764 793 4825 ut
817 4759 949 4825 firmum
978 4763 1011 4822 et
1036 4757 1156 4823 sta-bile
1178 4763 1371 4849 permaneat
1395 4759 1429 4827 in
