3598 5752
605 871 708 922 mara
731 871 868 922 auarus
890 872 938 922 nn
961 871 1157 922 soleamus.
1315 857 1400 923 1047

351 1052 428 1141 euti
458 1054 514 1122 die
543 1053 650 1134 Julii
677 1077 773 1122 uano
803 1055 953 1144 ejuedem
988 1056 1090 1143 Repe
1120 1057 1291 1125 It'dwardi
1321 1058 1401 1146 filii
1417 1049 1486 1102 Al).
1500 1053 1577 1102 lara.

351 1157 518 1224 Edwardi
533 1156 741 1225 duodecimo.

393 1347 491 1414 Bulla
521 1349 647 1414 domini
677 1348 842 1414 Johannis
872 1349 976 1435 Papae
999 1347 1135 1414 XXIJdi
1166 1350 1207 1415 de
1239 1350 1400 1416 dilatione

350 1449 457 1516 mutui
471 1450 513 1516 de
527 1451 636 1537 primo
650 1472 739 1516 anno
753 1451 819 1516 Xan
834 1451 1022 1516 sexannalis
1037 1452 1072 1516 in
1088 1452 1362 1537 quinquennium.

393 1553 491 1618 Bulla
505 1553 652 1639 ejusdem
675 1554 716 1618 de
739 1553 937 1620 inhibitione
963 1577 1005 1620 ne
1028 1554 1157 1638 aliquid
1179 1560 1401 1642 attemptetur

351 1659 463 1723 eontra
478 1657 721 1744 exemptionem
736 1657 916 1722 liberarum
930 1657 1132 1745 capellarum
1148 1658 1256 1745 Regis.

394 1759 492 1825 Bulla
515 1759 662 1846 ejusdem
686 1760 775 1846 quod
800 1760 895 1825 liberi
920 1760 1021 1847 Regis
1047 1761 1177 1846 possint
1206 1762 1400 1826 contrahere

351 1883 423 1928 eum
439 1863 587 1949 personis
602 1862 824 1928 attinentibus
836 1863 899 1928 sibi
915 1863 951 1928 in
964 1869 1082 1949 quarto
1098 1864 1399 1951 consanguinitatis

352 1964 403 2030 vel
417 1963 591 2030 affinitatis
605 1965 756 2052 gradum.

393 2066 490 2132 Bulla
516 2066 663 2152 ejusdem
688 2067 729 2132 de
744 2067 877 2154 puplico
900 2068 1143 2154 solempnit[er]
1169 2090 1281 2134 omnes
1305 2069 1401 2134 inva-

350 2189 437 2233 sores
452 2168 561 2258 Regni
575 2168 720 2256 Angliee.
1432 2174 1435 2182 ’

393 2272 491 2337 Bulla
521 2272 668 2358 ejusdem
699 2272 740 2337 de
773 2271 937 2336 monendo
964 2271 1083 2338 fratres
1114 2272 1340 2338 mendicantes
1367 2278 1402 2337 et

350 2373 439 2450 alios,
461 2395 504 2439 ne
534 2373 696 2440 inducant
725 2373 885 2460 populum
916 2374 1089 2440 Hibernia
1121 2380 1237 2440 contra
1274 2381 1401 2440 statum

351 2473 448 2560 Regis
465 2474 604 2561 Angliae,
619 2479 654 2539 et
669 2474 843 2540 turbantes
859 2495 981 2561 paoem.

394 2577 491 2642 Bulla
506 2576 653 2661 ejusdem
678 2576 718 2642 de
743 2576 930 2662 quietantia
958 2576 992 2640 M
1017 2598 1200 2643 marearum
1217 2577 1400 2643 soluturum

350 2698 409 2764 pro
423 2699 536 2743 annuo
551 2699 650 2742 censu
666 2699 726 2764 pro
742 2699 829 2743 anno
846 2677 982 2742 Domini
999 2677 1186 2763 M⁰eeexvij.

394 2779 493 2846 Bulla
507 2779 655 2866 ejusdem
670 2779 711 2844 de
723 2779 1062 2844 excommunicatione
1076 2779 1146 2845 lata
1161 2784 1277 2848 eontra
1288 2800 1401 2844 omnes

350 2883 513 2948 intrantes
536 2887 571 2949 et
604 2883 801 2948 invadentes
827 2903 968 2970 regnum
997 2881 1131 2968 Angliae
1159 2887 1193 2948 et
1225 2881 1400 2947 turbantes

349 3006 470 3071 paoem.

393 3086 492 3154 Bulla
516 3087 664 3173 ejusdem
691 3088 732 3152 de
758 3086 918 3152 dilatione
943 3085 1186 3172 quinquennali
1214 3086 1256 3151 de
1283 3091 1400 3152 mutuo

350 3197 478 3280 recepto
493 3215 552 3280 per
570 3194 691 3280 Regem
708 3193 748 3258 de
765 3193 814 3256 X8
830 3193 1010 3258 sexannali.

393 3294 492 3362 Bulla
521 3295 668 3381 ejusdem
699 3294 740 3360 de
770 3294 925 3382 originali
955 3294 1065 3380 gratia
1099 3295 1161 3358 ΧΕΘ
1190 3294 1290 3360 unius
1320 3294 1399 3359 anni

350 3398 482 3464 domino
496 3398 581 3486 Regi
596 3419 764 3464 ooneessae.

392 3766 657 3835 Meuioraudum
673 3765 763 3852 quod
785 3763 912 3841 Adam,
928 3763 968 3828 H
966 3761 1187 3850 erfordiensis
1201 3761 1398 3851 Episcopum,
1415 3767 1484 3824 au.
1499 3773 1571 3822 1³08.

348 3871 470 3939 detulit
484 3871 532 3938 ad
547 3869 766 3937 Suomarium
780 3867 843 3946 lie,
857 3865 1012 3934 uicesimo
1028 3865 1083 3930 die
1095 3865 1287 3946 Februarii,
1304 3888 1399 3934 aueo

347 3975 461 4062 pirineo
483 3973 584 4058 Repis
607 3969 871 4056 Edwardeffilti
887 3969 987 4055 Repis
1001 3967 1180 4046 Edwardi,
1195 3967 1275 4055 filii
1296 3969 1399 4054 Regia

348 4077 502 4155 Heariei,
518 4075 697 4163 quondum
712 4073 844 4140 bullam
865 4070 1041 4138 Jotouru's
1057 4078 1139 4137 truie
1161 4071 1268 4158 Papae
1291 4071 1398 4157 eeiju,

347 4179 462 4266 eipillo
478 4177 636 4267 plumbio
652 4175 862 4262 eoueiqautu,
884 4172 928 4240 ia
945 4173 1047 4240 verba
1064 4195 1139 4260 quae
1160 4173 1398 4260 subsequ[u]u·

347 4286 476 4348 tur:-

390 4395 587 4461 “Johannes
608 4392 798 4479 Episcopus,
814 4413 929 4457 servus
950 4411 1120 4456 servorum
1140 4389 1214 4468 Dei,
1229 4390 1399 4456 carissimo

346 4497 454 4563 “filio
499 4497 674 4573 Edwardo,
712 4495 795 4581 Regi
841 4492 972 4581 Angliae
1017 4492 1150 4570 illustri,
1181 4493 1321 4558 salutem
1365 4499 1398 4558 et

346 4609 362 4634 “
385 4598 610 4687 Apostolieam
639 4596 910 4664 benedictionem.
956 4593 1042 4661 Cum
1069 4615 1129 4681 pro
1154 4615 1253 4662 censu
1288 4617 1399 4660 annuo

348 4713 363 4738 ‘⁴
385 4703 475 4768 mille
491 4702 702 4768 marcharum
718 4699 953 4786 sterlingorum
969 4719 1066 4785 quem
1082 4719 1141 4785 pro
1152 4717 1256 4786 regno
1267 4697 1398 4784 Angliae

348 4813 362 4839 “
386 4827 424 4870 ae
436 4804 608 4870 Hiberniae
620 4810 712 4870 terra
721 4804 846 4869 solvere
861 4801 959 4870 annis
975 4801 1126 4892 singulis,
1137 4823 1198 4892 pro
1210 4800 1397 4878 medietate,

448 4947 538 5000 raom.
1242 4932 1264 4991 Q
