3598 5752
606 898 708 947 amun
730 898 867 947 nunnus
890 899 936 946 na
959 897 1153 947 scaccanro.
1314 882 1399 950 1027

352 1083 386 1147 in
409 1081 509 1148 Curia
538 1088 653 1148 nostra
690 1083 853 1150 libertatis
884 1083 983 1160 illius,
1014 1084 1094 1148 dum
1132 1084 1244 1149 cadem
1262 1082 1399 1149 libertas
1418 1091 1568 1140 AJJ-l304·

352 1185 385 1250 in
412 1207 512 1250 manu
535 1190 649 1252 nostra
675 1187 774 1252 cartis
805 1187 846 1252 da
872 1187 979 1252 causis
1004 1187 1078 1264 fuit,
1102 1188 1226 1272 [coram
1252 1187 1396 1274 dilectis]

351 1294 385 1354 ct
399 1288 552 1354 fidelibus
567 1290 691 1355 nostris
707 1289 872 1356 Willclmo
896 1290 936 1355 dc
961 1289 1124 1378 Ormcsby
1140 1295 1175 1355 ct
1190 1291 1336 1356 Henrico
1360 1290 1400 1356 dc

352 1391 538 1469 Guldcford,
554 1398 634 1457 tunc
648 1393 671 1457 J
675 1393 850 1458 usticiariis
865 1393 988 1457 nostris
1003 1394 1040 1457 in
1062 1393 1176 1458 codem
1201 1393 1401 1480 Episcopatu

352 1495 394 1560 ad
409 1495 530 1581 placita
552 1495 740 1560 libertatem
765 1495 856 1560 illam
877 1495 1079 1584 [tangentia]
1095 1496 1260 1560 audienda
1284 1501 1318 1562 ct
1333 1502 1399 1562 ter-

351 1597 507 1662 minanda
522 1597 706 1682 assignatis,
717 1619 815 1682 quam
831 1598 872 1662 dc
888 1597 1085 1683 quibusdam
1101 1598 1224 1664 finibus
1239 1620 1297 1685 per
1313 1599 1400 1683 ipsos

352 1699 500 1764 homines
525 1699 704 1777 nobiscum,
720 1721 828 1764 coram
854 1701 974 1765 eisdem
996 1701 1019 1765 J
1021 1701 1208 1778 usticiariis,
1225 1723 1267 1766 cx
1293 1701 1400 1766 causis

352 1802 454 1866 variis
479 1800 587 1878 factis,
603 1802 652 1884 [et
676 1801 778 1866 etiam
792 1802 848 1887 dc]
871 1802 1011 1867 diversis
1035 1802 1183 1868 exitibus
1209 1801 1399 1880 forisfactis,

352 1902 580 1989 multipliciter
602 1909 799 1969 tencantur:
823 1926 905 1991 quas
928 1905 1061 1990 quidam
1082 1927 1227 1970 summas
1250 1905 1293 1969 ad
1317 1927 1400 1990 opus

352 2011 499 2072 nostrum
512 2006 615 2071 levari
629 2006 788 2084 volumus,
804 2012 843 2073 ut
859 2017 909 2072 cst
920 2008 1070 2094 justum:
1094 2007 1189 2073 vobis
1205 2009 1399 2074 mandamus

354 2108 456 2194 [quod
478 2110 603 2194 omnia]
628 2115 662 2174 et
684 2110 816 2196 singula
838 2111 1101 2188 amerciamcnta‚
1118 2111 1209 2188 fines,
1233 2117 1266 2176 ct
1290 2111 1399 2176 exitus

353 2211 519 2297 praedicta,
523 2210 625 2298 juxta
635 2218 800 2277 extractas
810 2234 890 2298 quas
903 2213 997 2277 vobis
1010 2212 1071 2277 sub
1080 2213 1189 2300 sigillo
1198 2218 1312 2279 nostro
1326 2213 1401 2278 indc

352 2315 621 2393 transmittimus,
637 2337 696 2402 por
719 2316 887 2382 ministros
911 2317 1067 2401 [vestros]
1092 2316 1215 2403 absque
1240 2317 1401 2382 dilatione

354 2418 501 2504 qualibet
531 2419 635 2484 lovari
659 2418 797 2484 faciatis
842 2419 896 2483 Ita
912 2419 1000 2504 quod
1023 2419 1064 2483 dc
1088 2420 1212 2484 eisdem
1242 2420 1399 2484 amercia-

353 2521 482 2598 mcntis‚
498 2520 630 2598 finibus,
645 2525 680 2585 ct
706 2520 852 2584 exitibus
875 2521 917 2584 ad
943 2520 1147 2585 Scaccarium
1169 2527 1319 2586 nostrum
1343 2543 1402 2607 per

354 2623 521 2688 ministros
547 2623 722 2709 praedictos
745 2623 937 2708 [possimus]
968 2624 1004 2686 in
1035 2624 1179 2688 crastino
1205 2623 1401 2688 Animarum

354 2727 504 2812 proximo
529 2726 645 2792 futuro
672 2725 715 2790 ad
739 2726 891 2791 ultimum
919 2727 1128 2811 1·cspondcri;
1159 2748 1200 2791 nc
1227 2726 1268 2792 ob
1296 2727 1400 2791 vestri

354 2829 519 2894 defectum
545 2851 603 2893 nos
626 2833 776 2914 oporteat
806 2827 849 2892 ad
872 2829 933 2893 hcc
956 2829 1054 2893 alitor
1080 2850 1243 2915 opponere
1266 2851 1401 2894 manum

354 2937 507 2996 nostram.
571 2930 682 3017 [Teste
712 2931 824 3018 Roga]
847 2931 935 3016 apud
963 2931 1208 3010 Jeddeworthc,
1238 2931 1322 3018 xxiij
1347 2932 1400 2997 die

356 3034 508 3122 Augusti,
524 3055 619 3113 anno,
637 3039 707 3111 etc,
723 3033 888 3098 tricesimo
904 3034 1054 3100 secundo,

355 3149 533 3215 Scribatcu·
554 3148 674 3234 primo
696 3147 738 3212 in
753 3146 867 3214 Rubco
883 3147 986 3214 Libro
1001 3147 1179 3214 recondam
1190 3147 1229 3214 de
1250 3147 1401 3214 libertate

457 3251 621 3338 Episcopi
635 3250 875 3318 Duaelmensa's
891 3259 990 3340 captu
1005 3251 1047 3316 in
1062 3271 1175 3317 narina
1191 3251 1298 3336 Rapis.

646 3517 744 3524 —-—--
762 3517 812 3525 ..-
829 3519 840 3524 -
857 3518 967 3525 -—-.
998 3519 1084 3526 a-

146 3753 207 3802 ro.
227 3751 329 3798 isac.
354 3728 441 3795 PRO
481 3728 691 3794 ANTONIO
732 3728 949 3795 EPISCOPO
994 3730 1300 3796 DUNELMENSI
1339 3732 1401 3796 DE
1419 3742 1571 3791 alarcos.

169 3813 309 3880 (ridor)
472 3830 725 3895 LIBERTATE
758 3831 850 3895 SUA
883 3830 974 3896 SIBI
1006 3831 1281 3897 assarium}

398 3983 470 4048 Rex
498 3983 650 4048 omnibus
675 3983 718 4048 ad
748 4004 840 4068 quos,
871 3989 940 4060 etc,
971 3983 1118 4047 salutem.
1167 3983 1286 4048 Sciatis
1314 3984 1403 4069 quod

354 4108 427 4152 cum
451 4085 592 4174 regalem
621 4086 809 4151 libertatem
836 4087 1052 4172 Episcopatus
1079 4085 1312 4152 Dunclmcnsis
1329 4089 1401 4172 qui-

353 4189 492 4254 busdam
523 4188 563 4254 dc
594 4189 709 4266 causis
727 4211 785 4272 per
815 4187 1110 4252 considerationem
1143 4188 1253 4252 Curiae
1280 4197 1401 4252 nostra

353 4313 459 4356 coram
484 4292 579 4358 nobis
610 4293 646 4355 in
670 4291 887 4377 parliamento
920 4303 1031 4354 nostro
1062 4292 1148 4375 apud
1178 4291 1399 4356 Westmonas-

353 4395 471 4460 terium
494 4395 529 4459 in
545 4395 669 4458 octabis
687 4394 799 4458 Sancti
822 4393 985 4458 dohannis
1010 4393 1179 4478 Baptistae,
1196 4415 1283 4456 anno
1307 4387 1399 4481 regni

385 4661 468 4711 ¹'l'his
488 4664 542 4714 title
559 4662 581 4712 ia
602 4663 679 4712 taken
696 4662 761 4712 from
784 4662 827 4711 tha
844 4671 917 4725 enrry
935 4661 961 4710 in
978 4661 1021 4710 the
1040 4661 1132 4710 Patent
1153 4663 1219 4720 Roll,
1236 4662 1308 4712 there
1324 4663 1400 4730 being

353 4755 388 4790 nc
402 4736 513 4807 heading
524 4743 651 4793 whatever
669 4742 695 4791 in
713 4743 757 4792 the
773 4741 830 4792 MS.
864 4742 910 4791 Sec
931 4742 986 4791 also
998 4743 1085 4805 Appx.
1103 4743 1127 4790 A
1148 4741 1190 4792 for
1206 4741 1306 4793 further
1323 4743 1416 4796 reie1·'

353 4833 428 4872 cuce·
439 4827 465 4871 to
477 4823 519 4872 the
531 4823 630 4888 subject
642 4821 729 4873 cithia
740 4820 902 4879 convention.
