3598 5752
369 853 455 917 1028
621 869 883 920 multamus
906 869 952 920 ns
975 867 1170 920 soleclum.

193 1057 260 1107 Λᾶ).
274 1059 338 1106 lacu
367 1044 472 1108 nostri
503 1043 677 1121 tricesimo,
699 1043 735 1108 in
765 1063 899 1110 manum
928 1048 1076 1110 nostram
1107 1044 1180 1130 capi
1206 1042 1346 1110 lecimus
1382 1047 1417 1110 et

367 1146 481 1224 seieiri‚
505 1153 539 1211 et
562 1151 668 1212 certos
692 1146 870 1226 custodem,
888 1146 1100 1232 justiciarios‚
1126 1145 1355 1212 cancellarium
1381 1150 1415 1212 et

367 1247 450 1312 elios
480 1249 650 1314 ministros
680 1247 721 1312 ad
754 1248 877 1314 dictam
908 1248 1096 1314 libertatem
1135 1248 1415 1335 deputaverimus,

367 1364 480 1416 nostro
495 1351 635 1428 nomine,
651 1351 909 1428 custodiendam,
925 1350 1017 1416 etad
1039 1350 1191 1418 iacienda
1214 1373 1253 1418 ea
1276 1372 1349 1438 qum
1372 1351 1415 1416 ad

368 1452 493 1518 dictam·
517 1453 699 1518 custodiam
723 1454 946 1540 pertinebant,
970 1453 1075 1520 acad
1106 1453 1277 1538 justitiam
1303 1463 1414 1520 tenen·

367 1555 443 1620 dam
460 1561 494 1620 et
508 1555 690 1621 faciendam
706 1555 858 1620 omnibus
873 1560 908 1621 et
922 1555 1061 1642 siugurlis
1076 1556 1118 1620 de
1133 1555 1247 1621 eadem
1263 1555 1415 1622 libertate

367 1657 521 1742 conqueri
548 1657 745 1736 volentibus,
761 1665 830 1724 tam
861 1658 901 1723 de
933 1657 1115 1724 venerabili
1146 1665 1242 1746 petre
1266 1659 1415 1724 Antonio

368 1758 513 1844 ejusdem
529 1758 591 1824 loci
608 1759 768 1845 Episcopo
780 1765 814 1824 et
828 1760 990 1826 ministris
1004 1761 1073 1824 suis
1088 1759 1236 1845 ejusdem
1252 1759 1415 1826 libertatis

368 1861 426 1945 qui
441 1861 488 1925 eis
504 1861 539 1923 in
559 1860 695 1946 justitia
710 1860 937 1946 ex[h]ibenda,
953 1866 993 1926 ut
1008 1861 1171 1938 dicebant,
1188 1861 1294 1928 modis
1311 1863 1415 1927 variis

368 1963 555 2039 defuerunt,
595 1985 692 2048 quam
740 1965 781 2028 de
821 1963 897 2028 aliis
935 1963 1206 2050 quibuscumque,
1251 1984 1289 2030 ac
1335 1965 1414 2030 dicti

367 2073 485 2144 eustos,
495 2067 670 2153 justitiarii
694 2073 729 2131 et
751 2067 966 2130 cancellarius
994 2073 1028 2132 et
1055 2067 1110 2131 elii
1138 2067 1282 2132 ministri
1310 2068 1415 2132 nostri

367 2169 527 2256 praedicti,
543 2172 709 2255 praemissa
735 2175 846 2234 nostro
873 2171 1006 2234 nomine
1022 2177 1259 2235 excercuerunt
1280 2170 1351 2256 jam
1366 2179 1417 2234 est

366 2277 425 2342 diu
441 2276 525 2341 dictu
545 2277 698 2341 libertate
715 2299 772 2362 per
788 2277 909 2341 dictum
927 2276 1221 2342 considerationem
1246 2277 1280 2341 in
1295 2277 1416 2342 nostris

367 2377 520 2442 manibus
536 2379 720 2456 existente;
744 2399 803 2463 per
826 2378 913 2462 quod
930 2377 1039 2464 plures
1059 2377 1209 2462 querelas,
1226 2378 1315 2444 inter
1335 2399 1415 2464 prea-

368 2480 492 2546 dictum
521 2481 708 2566 episcopum
736 2485 770 2543 et
794 2480 963 2544 ministros
990 2500 1066 2544 suos
1093 2485 1253 2566 exparte
1280 2501 1355 2557 una,
1383 2487 1417 2546 et

368 2583 516 2648 homines
548 2585 588 2648 de
612 2582 848 2647 communitate
875 2581 1022 2666 ejusdem
1047 2580 1212 2648 libertatis
1239 2605 1281 2647 ex
1313 2581 1418 2648 altera

367 2693 474 2763 mctae,
491 2708 548 2772 per
570 2707 774 2750 communem
798 2706 966 2749 assensum
991 2684 1179 2750 eorumdem
1207 2685 1360 2770 Episcopi
1384 2689 1418 2750 et

368 2790 594 2854 ministrorum
613 2809 650 2852 ae
666 2788 936 2872 conquerentium
952 2786 1182 2874 praedictorum
1199 2808 1308 2852 coram
1324 2787 1418 2852 nobis

368 2905 403 2956 et
432 2890 567 2954 consilio
602 2894 715 2954 nostro
746 2888 834 2974 apud
858 2887 1060 2952 Dunelmum
1091 2907 1112 2953 a
1142 2888 1196 2952 die
1227 2887 1360 2955 Paschae
1382 2890 1418 2952 in

368 2999 435 3058 tres
473 2994 683 3078 septimanas,
715 3011 802 3056 anno
841 2991 933 3075 regni
968 2990 1074 3054 nostri
1106 2992 1273 3054 tricesimo
1304 2991 1419 3076 primo,

368 3097 430 3161 sub
446 3103 536 3161 certa
550 3096 655 3159 forma
678 3093 816 3159 fuerunt
830 3091 838 3128 ¹
857 3091 1036 3179 pacificatae
1061 3093 1206 3158 finaliter·
1221 3099 1255 3159 et
1276 3095 1397 3159 sedatae
1413 3119 1419 3158 :

368 3221 406 3264 ac
421 3199 522 3264 etiem
538 3198 689 3283 quiedam
705 3197 778 3262 eliae
801 3197 898 3260 modo
921 3195 1035 3261 debito
1058 3201 1173 3282 postea
1195 3197 1287 3261 inter
1309 3203 1420 3283 partes

368 3301 541 3388 pradictus
556 3298 774 3365 amicabiliter
790 3302 869 3363 sunt
884 3303 1055 3378 correctae3
1071 3302 1170 3384 prout
1185 3298 1273 3364 inter
1289 3299 1419 3366 easdem

369 3409 479 3490 partes
495 3403 610 3467 extitit
626 3402 878 3479 concordatum
901 3401 988 3465 sicut
1008 3423 1068 3486 per
1090 3401 1227 3466 dilectos
1250 3407 1284 3466 et
1307 3401 1420 3468 fideles

369 3511 497 3570 nostros
515 3503 716 3568 Willelrnum
733 3503 773 3567 de
790 3500 947 3566 Bereford
964 3507 998 3567 et
1013 3501 1177 3588 Rogerum
1193 3502 1234 3568 de
1258 3503 1421 3590 Hegharn,

371 3608 573 3672 Willelmum
600 3605 641 3670 de
668 3604 831 3690 Ormesby
848 3613 881 3668 et
907 3604 1088 3670 Henricum
1116 3605 1157 3670 dc
1186 3604 1346 3682 Gildford,
1363 3627 1421 3691 per

368 3733 428 3776 nos
445 3710 485 3774 ad
504 3708 678 3794 praedictas
700 3707 917 3771 correctiones
941 3706 1203 3791 supervidendas
1226 3707 1420 3794 assignatos
1473 3729 1480 3746 ·

368 3812 464 3876 nobis
481 3809 691 3875 testificatum
708 3809 829 3872 existit.
863 3807 918 3871 Ite
933 3808 1020 3892 quod
1037 3829 1149 3873 omnes
1165 3808 1262 3873 dictae
1278 3809 1419 3894 querelae

370 3915 455 3979 bono
482 3913 579 3976 modo
601 3911 672 3996 jem
690 3910 874 3974 terminatae
893 3915 1022 3974 suntet
1044 3909 1171 3990 finitas;
1195 3911 1342 3997 exceptis
1359 3911 1418 3976 nli-

369 4017 489 4103 quibus
505 4037 546 4079 ex
563 4013 644 4100 ipsis
660 4033 741 4098 quas
757 4033 865 4078 corani
876 4012 972 4076 nobis
988 4013 1022 4076 in
1039 4013 1190 4098 proximo
1203 4014 1420 4099 parliamento

368 4125 479 4186 nostro
502 4117 580 4204 poni
604 4116 740 4181 fecimus
766 4119 800 4180 et
824 4114 998 4200 adjornari.
1046 4114 1116 4180 Nos
1141 4115 1183 4181 ob
1209 4115 1420 4182 devotionern

369 4243 467 4308 quem
484 4242 563 4306 erga
587 4219 720 4283 beatum
747 4216 978 4295 Outhbertum,
993 4216 1170 4302 gloriosum
1193 4216 1320 4283 Christi
1343 4239 1419 4286 cou-

369 4326 532 4400 fessorem‚
553 4321 696 4387 ecclesiae
712 4319 946 4384 Dunelmensis
963 4325 1146 4404 patronum,
1163 4325 1197 4386 et
1212 4321 1420 4388 affectionem

369 4449 469 4512 quarn
492 4445 570 4511 erga
592 4422 764 4509 praefatum
791 4421 990 4507 Episcopum
1013 4421 1159 4506 gerimus
1182 4426 1217 4486 et
1239 4422 1399 4490 habemus
1411 4447 1421 4506 ς

369 4527 516 4593 volentes
542 4525 648 4588 eidem
673 4523 834 4610 Episcopo
860 4525 1004 4608 gratiam
1035 4521 1070 4586 in
1101 4522 1163 4588 hac
1190 4530 1284 4609 perte
1311 4525 1418 4592 facere

741 4787 872 4854 maran,
885 4787 943 4836 not.
958 4787 1016 4838 est.
