3598 5752
597 937 699 986 maun
722 937 860 987 nunnus
884 937 929 985 nu
953 936 1147 986 souccmuo.
1320 923 1405 987 1003

349 1125 396 1190 de
426 1125 564 1212 singulis
594 1125 699 1206 libris,
730 1124 783 1193 vd.
816 1124 861 1192 ot.
887 1127 1119 1192 tantummodo
1150 1127 1297 1213 accipere
1329 1148 1402 1191 cou-

348 1224 473 1290 suevit.

397 1324 452 1389 Ad
465 1322 643 1392 Custodem
653 1327 796 1391 Moneta
811 1327 957 1414 pertinet
968 1327 1113 1415 cognitio
1126 1332 1161 1392 et
1169 1328 1292 1414 peritia
1303 1327 1402 1391 assai-

348 1428 433 1493 andi
447 1429 658 1493 examinandi
671 1435 705 1494 et
720 1429 868 1494 omnium
884 1429 1024 1495 aliorum
1041 1451 1099 1516 per
1115 1452 1188 1515 quse
1205 1429 1402 1494 sufficientia

348 1536 494 1598 monetae
519 1532 652 1618 probari
670 1553 728 1596 seu
755 1532 941 1597 examinari
955 1533 1067 1598 valeat
1083 1538 1117 1596 et
1133 1533 1292 1618 cognosci,
1315 1531 1403 1617 quod

348 1631 381 1696 si
412 1635 521 1696 custos
561 1631 619 1696 hoc
653 1632 865 1719 ignoraverit,
892 1631 1015 1697 habeat
1045 1633 1232 1719 quempiam
1267 1631 1308 1695 ad
1341 1630 1403 1696 hoc

348 1733 519 1816 ydoneum
535 1734 673 1800 locosui.
722 1735 817 1812 Item,
827 1734 871 1799 ad
886 1735 995 1820 ipsum
1011 1734 1178 1800 custodem
1195 1754 1403 1819 summopere

349 1835 507 1922 pertinet,
523 1857 580 1921 per
606 1857 640 1900 se
665 1836 718 1900 vel
745 1859 803 1923 per
829 1837 931 1901 alium
955 1837 1085 1923 ubique,
1111 1837 1212 1900 etiam
1240 1835 1274 1899 in
1303 1857 1404 1900 manu

351 1936 529 2022 sculptoris
556 1959 734 2004 cuneorum
759 1941 829 2004 sive
861 1938 1089 2024 ingravatoris,
1112 1959 1232 2003 cuneos
1262 1943 1404 2002 monetas

351 2045 512 2126 tanquam
543 2041 689 2128 sigillum
719 2042 846 2127 regium
885 2040 1136 2127 diligentissime
1167 2039 1334 2104 custodire
1365 2042 1399 2103 et

352 2143 468 2209 videre
484 2143 572 2230 quod
587 2145 623 2209 in
645 2145 725 2230 ipsis
748 2146 859 2211 cuneis
876 2167 934 2230 per
958 2145 1158 2209 monetarios
1174 2151 1251 2230 apte
1268 2149 1302 2208 et
1317 2151 1404 2208 recte

353 2244 482 2312 denarii
494 2252 594 2334 prout
603 2247 757 2313 condecet
770 2252 993 2326 monetentur;
1009 2247 1098 2334 ipsos
1110 2245 1406 2332 quoquedenarios,

352 2349 580 2414 monetatione
596 2361 830 2427 consummata,
845 2371 1038 2415 conservare
1061 2355 1195 2412 tenetur
1217 2369 1290 2412 cum
1316 2347 1407 2411 omni

354 2447 531 2534 diligentia
557 2456 592 2516 et
618 2451 755 2528 cautela,
771 2473 813 2515 ne
829 2473 849 2516 a
865 2473 924 2516 sua
939 2451 1090 2516 custodia
1106 2449 1273 2514 ullatenus
1297 2455 1406 2513 trans-

354 2547 507 2614 ferantur
536 2550 638 2616 donec
673 2573 735 2637 per
771 2551 1047 2617 examinationem
1082 2550 1246 2636 ydoneam
1281 2548 1408 2613 fuerint

355 2652 487 2719 liberati
500 2676 507 2732 ;
523 2655 570 2720 sic
580 2655 668 2720 euim
680 2661 813 2720 moneta
823 2656 989 2721 tutissime
999 2653 1193 2720 custoditur.
1230 2653 1284 2718 Sit
1295 2659 1406 2716 autern

355 2757 564 2822 examinator
590 2757 844 2844 circumspectus
871 2760 907 2822 iu
934 2757 1086 2824 facienda
1108 2757 1258 2842 qualibet
1284 2757 1404 2820 exami·

358 2857 490 2923 natione
523 2867 665 2925 moneta
696 2883 733 2926 eo
769 2861 959 2937 studiosius,
991 2859 1147 2935 tenerius,
1179 2865 1213 2924 et
1244 2859 1406 2922 attentius

357 2961 445 3045 quod
475 2961 563 3026 unde
594 2963 752 3049 Magister
782 2963 925 3028 Monetas
956 2968 1154 3028 exoneratur
1184 2963 1220 3026 iu
1247 2961 1407 3038 examine,

357 3063 435 3128 inde
459 3064 529 3151 ipse
555 3064 674 3131 Custos
694 3067 764 3131 sive
791 3066 997 3132 examinator
1013 3066 1162 3130 totaliter
1177 3073 1342 3141 oneratur,
1359 3063 1408 3126 ita

359 3166 446 3252 quod
461 3167 560 3253 post1
585 3167 832 3234 deliberationis
859 3189 1026 3233 sensuram
1053 3167 1213 3254 Magister
1233 3166 1310 3230 iude
1341 3187 1408 3230 uon

359 3269 492 3331 tenetur
506 3266 648 3352 amplius
664 3269 866 3355 respondere.
913 3268 954 3330 In
970 3271 1135 3354 potestate
1150 3267 1237 3329 euim
1255 3270 1289 3330 et
1304 3263 1407 3330 officio

360 3365 581 3430 examinantis
597 3367 713 3432 existit
728 3367 908 3432 deliberare
935 3371 1102 3432 monetam
1127 3387 1226 3452 quam
1245 3365 1408 3450 ydoneam

360 3467 535 3545 invenerit,
551 3473 585 3532 et
600 3490 666 3534 nou
683 3470 847 3555 ydoneam
864 3468 1047 3555 reprobare,
1063 3490 1102 3533 ac
1118 3468 1223 3554 ipsam
1240 3465 1409 3530 remittere

361 3569 403 3633 ad
417 3569 646 3649 funditorium,
662 3572 704 3636 ad
721 3578 843 3648 custus,
865 3571 1029 3646 videlicet,
1055 3569 1208 3656 Magistri
1232 3567 1407 3632 emendan-

361 3671 438 3736 dam
453 3676 497 3755 et,
512 3671 540 3736 si
562 3674 738 3738 necessitas
766 3672 918 3760 exigerit,
933 3671 1138 3736 fundendam
1155 3691 1193 3735 ae
1205 3669 1240 3732 in
1256 3668 1408 3734 omnibus

362 3773 610 3839 reformandam.

406 3874 522 3942 Restat
533 3877 647 3942 videre
662 3875 805 3962 qualiter
828 3881 969 3941 monetae
985 3874 1187 3940 examinatio
1211 3873 1256 3936 sit
1270 3870 1408 3959 agenda.

363 3975 406 4041 Et
421 3978 589 4044 sciendum
615 3978 703 4063 quod
728 3977 918 4063 hujusmodi
934 3977 1137 4042 examinatio
1153 3974 1281 4040 duobus
1304 3973 1410 4038 modis

362 4079 434 4143 fieri
465 4079 642 4146 consuevit,
691 4079 810 4157 Primo,
840 4100 900 4165 per
929 4077 1058 4164 pondus
1088 4082 1123 4142 et
1152 4097 1337 4151 numerum,
1366 4075 1410 4140 ad

363 4201 504 4246 marcam
543 4201 601 4245 seu
632 4178 675 4244 ad
706 4179 835 4256 libram,
866 4178 906 4243 de
938 4176 1083 4242 denariis
1117 4177 1221 4260 ipsius
1259 4180 1407 4239 monetae.

363 4282 524 4359 Secunde,
540 4304 599 4369 per
625 4280 735 4369 ignem
761 4287 795 4346 et
817 4280 961 4345 assaium
977 4278 1018 4342 de
1034 4277 1138 4362 ipsius
1154 4280 1296 4342 monetae
1311 4276 1409 4342 allaio

363 4406 420 4450 seu
436 4389 581 4472 argento.
632 4383 845 4447 Exaurinatio
861 4382 964 4467 igitur
979 4379 1020 4444 de
1036 4378 1179 4444 denariis
1193 4383 1334 4444 monetas
1350 4400 1409 4465 per

362 4485 491 4570 pondus
507 4489 541 4548 et
556 4503 730 4548 numerum
746 4481 788 4546 ad
804 4502 948 4546 marcam
964 4501 1023 4544 seu
1038 4479 1079 4542 ad
1097 4478 1215 4543 libram
1231 4501 1359 4565 semper
1375 4490 1409 4544 et

363 4586 485 4673 ubique
500 4585 602 4650 habet
628 4584 701 4649 fieri
715 4593 895 4668 antequam
921 4581 985 4668 ipsi
1008 4579 1137 4645 denarii
1165 4587 1287 4647 exeant
1313 4587 1411 4648 extra

363 4710 478 4752 manus
499 4687 645 4754 custodis
665 4693 700 4752 et
725 4685 961 4751 examinatoris
985 4689 1132 4750 monetae.
1180 4684 1226 4748 Et
1249 4684 1410 4769 siquidem

496 4878 504 4911 ¹
516 4881 571 4930 MS.
584 4879 687 4932 Cotton.
699 4880 774 4930 reads
785 4877 996 4928 examinationem
1007 4882 1030 4925 et
1043 4874 1244 4925 deliberationis.
