3598 5752
599 907 703 956 amna
726 906 864 956 nosnos
887 905 934 955 nn
957 907 1152 956 scacosnro.
1312 891 1398 955 1043

346 1091 555 1161 Glasouensis
581 1101 616 1162 et
641 1095 877 1164 coventrensis
904 1101 939 1163 et
965 1095 1214 1174 Lichfcldcnsis,
1241 1103 1275 1164 et
1299 1119 1399 1183 super
1416 1111 1483 1163 An).
1499 1115 1570 1164 rulo.

344 1196 556 1264 restitutione
572 1199 734 1265 bonorum
750 1199 1021 1286 Templariorum.

391 1301 489 1366 Bulla
513 1302 700 1368 Innocentii
726 1303 824 1390 Papae
849 1304 965 1380 Tertii,
990 1326 1049 1389 per
1083 1326 1182 1388 quam
1213 1304 1338 1390 recepit
1362 1304 1398 1368 in
1638 1322 1657 1358 ⁴

345 1404 582 1488 protectionem
628 1405 782 1470 Ecclesiae
828 1405 986 1470 Romanae
1034 1405 1156 1490 Regem
1201 1405 1224 1470 J
1226 1406 1398 1483 ohannem,

343 1523 491 1582 uxorem,
514 1506 644 1584 liberos,
670 1512 705 1571 et
730 1506 877 1572 haeredes
902 1529 1049 1583 suosne
1076 1513 1184 1572 terras
1208 1508 1338 1592 Anglias
1363 1513 1397 1574 et

344 1606 525 1686 Hiberniae,
540 1631 600 1694 pro
617 1631 655 1674 eo
671 1609 760 1695 quod
775 1609 864 1674 idem
882 1609 956 1674 Rex
972 1610 1124 1675 concedit
1138 1610 1204 1674 sibi
1220 1615 1254 1676 et
1269 1632 1394 1676 sueces-

344 1710 474 1776 soribus
499 1711 569 1776 suis
594 1711 740 1776 Summis
763 1711 980 1779 Pontificibus
1003 1712 1166 1778 directum
1189 1717 1223 1777 et
1245 1715 1397 1798 superius

344 1812 527 1877 dominium
551 1817 715 1878 terrarum
738 1814 972 1900 predictarum
989 1817 1023 1879 et
1038 1835 1185 1878 annuum
1204 1835 1338 1878 censum
1361 1815 1396 1878 M

344 1934 528 1978 marearum
551 1935 611 2001 per
633 1921 758 1981 cartem
784 1938 889 1992 suam,-
911 1913 1006 2000 cujus
1031 1919 1125 1980 tenor
1150 1915 1338 1981 continetur
1360 1916 1399 1985 iu

344 2015 458 2080 eadem
475 2016 580 2080 Bulla.

389 2117 487 2182 Bulla.
526 2117 707 2185 Clementis
745 2119 843 2206 Papae
883 2117 942 2196 Ἡ,
979 2119 1104 2184 directe
1141 2118 1274 2184 domino
1311 2118 1396 2207 Regi

344 2220 509 2288 Edwardo
524 2220 677 2308 Angliae,¹
692 2221 881 2288 inducentis
896 2222 1004 2308 ipsum
1020 2220 1063 2286 ad
1085 2242 1198 2307 paoem
1214 2220 1395 2286 reforman-

345 2319 419 2386 dam
435 2322 647 2408 interipsum
675 2328 710 2389 et
731 2322 887 2400 Comites,
902 2327 1003 2409 prout
1027 2322 1207 2410 Episcopus
1223 2323 1396 2388 Pictaven-

343 2423 396 2500 sis,
411 2424 517 2510 ipsius
533 2423 632 2511 Papae
646 2426 796 2503 nuntius,
812 2425 932 2490 habuit
948 2424 1031 2512 Regi
1047 2446 1211 2510 exponere
1226 2445 1282 2490 ore
1292 2429 1396 2490 'tenus

343 2526 405 2592 sub
420 2528 553 2593 nomine
569 2529 754 2594 credentiae.

387 2629 486 2694 Bulla
513 2631 700 2696 Innocentii
725 2630 824 2716 Papae
851 2629 963 2704 Tertii,
981 2628 1022 2692 de
1047 2629 1282 2715 compositione
1306 2629 1396 2694 faeta

344 2731 432 2797 inter
446 2731 569 2818 Regem
586 2733 609 2798 J
610 2732 774 2798 ohannem
800 2738 834 2798 et
850 2731 995 2796 Berones
1018 2736 1145 2796 cassata
1162 2735 1196 2796 et
1211 2731 1395 2817 reprobate,

343 2837 502 2920 tauquam
519 2834 638 2900 illicite
654 2840 689 2899 et
703 2835 828 2920 iniqua,
843 2856 903 2920 per
918 2833 1059 2898 eundem
1080 2833 1207 2918 Papam.
1372 2887 1375 2892 .
1396 2911 1398 2916 ,

387 2937 485 3002 Bulla
501 2937 688 3004 Innocentii
704 2938 803 3024 Papae
831 2936 945 3014 Tertii,
957 2934 1104 3022 praelatis
1121 2935 1254 3022 Angliae
1268 2935 1396 3002 directo

342 3038 378 3102 in
393 3060 459 3125 qua
474 3040 664 3105 continetur
686 3040 800 3105 littera
823 3039 924 3125 Regis
946 3037 968 3102 J
970 3038 1112 3102 ohannis
1133 3059 1191 3122 per
1206 3059 1305 3123 quarn
1322 3038 1395 3104 Rex

342 3142 502 3207 concessit
516 3143 604 3228 quod
623 3142 736 3207 liberae
758 3142 933 3207 electiones
955 3144 1090 3226 possent
1111 3140 1183 3205 fieri
1206 3141 1243 3204 in
1259 3141 1394 3226 quibus·
1463 3177 1465 3182 ,

342 3263 480 3330 cumque
495 3245 639 3310 ecclesiis
655 3245 748 3331 regni
764 3243 816 3308 sui
832 3243 1084 3329 imperpetuum.

386 3345 484 3410 Bulla
514 3344 699 3411 Alexandri
730 3343 828 3430 Papae
866 3344 980 3420 Tertii,
1008 3342 1048 3406 de
1087 3342 1232 3428 praelatis
1262 3341 1394 3431 Angliae

341 3447 608 3513 transmittendis
631 3449 675 3512 ad
706 3446 882 3512 concilium
906 3445 1092 3534 generalem
1124 3446 1166 3508 ad
1198 3445 1392 3510 mandatum

342 3548 449 3635 Papae,
465 3555 556 3615 etex
572 3549 634 3616 hoo
650 3550 806 3614 mandato
817 3570 885 3613 non
900 3553 1077 3636 generetur
1092 3547 1139 3612 eis
1155 3545 1393 3632 praejudicium‚

340 3651 450 3716 necin
465 3651 703 3716 consuetudine
718 3649 882 3715 trahatur.

384 3751 483 3816 Bulla
495 3751 691 3830 Innocentii,
703 3752 802 3838 Papae
818 3749 938 3832 Quarti
959 3748 1049 3815 fecta
1064 3749 1228 3815 universis
1243 3751 1392 3838 patronis

339 3855 547 3920 ecclesiarum
575 3855 706 3944 Angliae
733 3855 821 3940 quod
847 3853 950 3918 libere
974 3860 1176 3940 praesentare
1199 3852 1327 3938 possint
1348 3853 1391 3918 ed
1453 3937 1456 3946 ‚

339 3957 559 4024 ecelesiastica
574 3957 735 4022 beneficia
749 3957 801 4021 sui
817 3959 1022 4042 patronatus.

383 4059 480 4124 Bulla
495 4059 641 4146 ejusdem
665 4059 755 4125 facta.
777 4058 860 4145 Regi
882 4056 924 4122 de
939 4057 1185 4123 confirmatione
1201 4057 1392 4122 immunito·

338 4165 408 4226 tum
435 4168 470 4227 et
496 4161 636 4228 aliorum
662 4160 791 4248 jurium
817 4159 925 4246 Regis,
952 4179 1026 4244 quae
1053 4156 1155 4224 habet
1181 4159 1217 4222 in
1248 4149 1391 4224 ecclesiis

338 4263 475 4351 Angliae.

382 4365 480 4431 Bulla
505 4363 661 4451 ejusdem,
677 4387 719 4430 ne
744 4362 873 4452 praelati
899 4360 1030 4448 Angliae
1054 4361 1302 4448 suspendantur
1333 4383 1390 4448 per

336 4465 467 4533 litteras
506 4467 711 4534 executorias
751 4486 850 4552 super
880 4464 1132 4552 provisionibus,
1171 4485 1239 4530 uno
1274 4469 1387 4530 tamen

336 4575 481 4658 excepto.

658 4768 666 4801 ¹
679 4767 781 4834 Anplr'oe
790 4767 966 4820 interlineeted
977 4765 1003 4818 in
1015 4767 1073 4820 MS.
