3598 5752
408 877 492 944 1046
649 895 752 944 arara
774 895 913 946 auarus
936 896 982 945 nr
1005 897 1201 948 scaceraro.

232 1083 299 1134 ab.
315 1086 387 1134 ¹³¹⁵·
450 1082 549 1148 Bulla
572 1082 723 1170 Gregorii
747 1081 845 1169 Papae
868 1079 966 1162 VIII,
989 1083 1114 1150 directa
1141 1083 1265 1148 Eliensi
1297 1083 1457 1172 episcopo,

405 1187 493 1272 quod
504 1187 652 1273 inquirat
668 1187 707 1252 de
724 1187 938 1272 usurpatione
954 1185 1042 1252 iacta
1057 1207 1116 1274 per
1131 1187 1291 1274 quosdam
1303 1187 1457 1275 praelatos

405 1289 537 1376 Angliae
560 1311 660 1376 super
684 1288 818 1375 juribus
848 1288 1027 1354 liberarum
1055 1289 1254 1376 capellarum
1287 1289 1397 1378 Regis,
1423 1294 1457 1356 et

405 1392 493 1478 quod
509 1391 586 1458 inde
601 1391 794 1458 relationem
812 1390 888 1456 inde
905 1389 1029 1455 faciat¹
1045 1390 1135 1456 dicto
1151 1391 1256 1478 Papm

450 1494 547 1560 Bulla
579 1493 765 1560 Innocentii
797 1493 894 1579 Papae
924 1491 1029 1569 1111ti,
1053 1493 1180 1559 directa
1206 1493 1287 1580 Regi
1315 1493 1455 1581 Anglire‚

404 1616 563 1682 supereo
594 1595 682 1681 quod
713 1595 783 1681 ipse
814 1595 1022 1660 confirmavit
1045 1596 1260 1660 cassationem
1284 1595 1455 1662 electionis

404 1697 503 1765 fectae
518 1697 558 1762 de
570 1697 703 1762 domino
719 1697 864 1762 Roberto
874 1697 915 1762 de
927 1696 1088 1774 Passowe,
1099 1697 1204 1763 Eleoti
1221 1697 1256 1761 in
1269 1696 1454 1764 Oicestren-

405 1823 471 1866 sem
483 1800 680 1888 Episcopum
695 1823 702 1880 ;
724 1821 798 1885 quoe
813 1799 952 1866 cassatio
964 1797 1054 1866 facta
1069 1799 1134 1866 fuit
1149 1800 1241 1886 prius
1253 1822 1312 1887 per
1321 1799 1455 1866 Archia-

404 1904 574 1991 piscopum
598 1903 880 1979 cantuariensem,
905 1907 939 1966 et
969 1900 1010 1966 de
1041 1902 1107 1966 alio
1129 1902 1367 1989 providebatur
1396 1925 1455 1990 per

403 2006 543 2072 eundem
557 2030 564 2084 ;
587 2012 623 2071 et
637 2004 776 2070 mandat
792 2005 901 2070 dictus
918 2004 1008 2090 Papa
1024 2004 1107 2093 Regi
1122 2006 1211 2091 quod
1227 2027 1294 2070 non
1310 2005 1455 2072 intendit

392 2109 490 2196 'quod
513 2107 740 2195 praejudicium
756 2106 854 2173 debet
875 2106 1027 2195 generari
1044 2107 1083 2171 de
1102 2106 1168 2173 hiis
1191 2108 1374 2174 cassatione
1396 2128 1454 2174 seu

402 2211 598 2300 provisione.

449 2311 546 2378 Bulla
591 2309 771 2377 Clementis
810 2310 909 2396 Papae
947 2307 1010 2388 Vri,
1041 2311 1082 2374 de
1119 2311 1357 2398 regratiatione
1394 2332 1454 2400 pro

404 2415 572 2481 Bemerdo
588 2413 660 2478 Deu
677 2413 759 2492 (iod,
775 2418 895 2499 nepote
909 2410 1055 2498 ejusdem
1083 2411 1190 2500 Papae,
1213 2435 1273 2500 pro
1294 2417 1403 2479 castro
1420 2420 1455 2479 et

403 2519 594 2586 castellania
617 2518 657 2583 de
689 2515 909 2591 Blankeforti,
940 2514 1077 2580 diocesis
1109 2517 1358 2605 Burdeg[aliae],
1380 2539 1454 2603 quae

403 2625 477 2690 Rex
492 2622 586 2689 dedit
600 2620 704 2686 eidem
723 2619 899 2685 Bernardo.

449 2725 547 2790 Bulla
579 2723 715 2788 Martini
746 2721 844 2809 Papae
867 2720 974 2800 IIlIii,
1005 2723 1041 2787 in
1072 2743 1139 2809 qua
1163 2722 1338 2810 respondet
1362 2721 1454 2812 'Regi

403 2829 534 2917 Angliae
549 2827 590 2893 ed
607 2830 680 2892 octo
695 2825 872 2912 petitiones
884 2847 967 2911 quas
982 2825 1069 2890 idem
1088 2825 1160 2892 Rex
1178 2827 1207 2890 ei
1223 2827 1398 2893 mandavit
1412 2828 1453 2893 de

404 2933 531 3000 decima
539 2931 648 2996 Terrae
658 2929 789 2995 Sanctae
798 2928 916 2994 etaliis
928 2928 1065 2994 eandem
1078 2927 1215 2993 Terram
1226 2929 1452 3018 tangentibus.

448 3033 546 3100 Bulla
561 3033 717 3118 ejusdem,
733 3030 761 3116 ej
768 3029 880 3095 usdem
896 3029 1029 3106 tenoris,
1046 3029 1249 3117 dupplicata.

448 3137 546 3202 Bulla
570 3135 716 3220 ejusdem
749 3132 847 3220 Papae
874 3132 915 3198 de
945 3133 1264 3200 recommendatione
1295 3134 1382 3200 sacta
1413 3135 1453 3200 de

404 3239 537 3306 domino
566 3239 656 3325 Rege
686 3257 747 3324 pro
777 3234 1002 3321 assumptione
1028 3233 1144 3301 Crucis
1174 3257 1289 3302 versus
1319 3237 1453 3303 Terram

405 3341 738 3506 Sflffiiff·Johannis
771 3436 869 3522 Papae
901 3435 994 3514 XXI,
1025 3458 1085 3524 per
1121 3459 1221 3524 quam
1251 3439 1453 3538 significarit

402 3544 487 3632 Regi
519 3543 606 3628 quod
638 3540 790 3628 quaedam
823 3539 967 3606 ecclesie
991 3547 1086 3606 erant
1111 3541 1147 3604 in
1173 3541 1325 3607 manibus
1349 3543 1453 3628 ipsius

402 3646 501 3734 Papae
516 3646 692 3734 resignatae
707 3649 742 3709 et
756 3641 843 3729 petit
858 3643 946 3728 quod
961 3643 1067 3730 possit
1082 3665 1137 3708 eas
1152 3643 1310 3710 conferre.

766 3821 1103 3830 .—---—--.-.-——-

447 3937 493 4002 Et
517 3932 782 4002 aremoroadaam
805 3933 895 4020 quod
925 3933 1036 4000 Bruta
1061 3931 1237 4021 prmdsictoe
1260 3934 1454 4006 liberaretur

404 4037 624 4116 Ooowrorr'a'a,
654 4043 708 4102 etc.
740 4035 797 4102 ote
834 4034 974 4103 Verteris
1003 4035 1047 4102 ia
1069 4035 1155 4123 festo
1184 4037 1305 4103 Sancti
1333 4038 1453 4106 Jocobi

404 4140 568 4228 Apostota',
605 4161 702 4206 orreo
739 4137 839 4225 regni
883 4137 986 4224 Regis
1023 4137 1206 4216 Edaoordr',
1240 4140 1319 4226 fiat·
1350 4142 1453 4230 Regis

401 4241 581 4320 Edaoordi,
597 4262 699 4320 aeno,
716 4239 945 4308 custodienda
961 4240 1005 4308 irc
1023 4240 1254 4310 tirasonam
1270 4243 1379 4331 Regia

447 4529 672 4598 Parauaea
688 4551 806 4598 aorem
819 4527 931 4596 Bruta
946 4529 1101 4616 desertae
1116 4537 1289 4598 annotatae
1305 4529 1454 4600 liberator
1476 4505 1485 4521 ⁶

401 4633 549 4720 fecererat
584 4632 741 4721 profetia
779 4631 989 4699 ommate
1026 4631 1261 4714 coatoda'eada,
1290 4633 1454 4714 aarum

833 4823 840 4855 ¹
856 4825 901 4874 Sic
911 4823 938 4874 in
949 4823 1004 4874 Ms.
