3548 5754
609 901 709 956 trans
734 907 870 956 nunnus
895 907 939 954 nn
963 905 1158 954 soleclum.
1342 887 1407 954 993

354 1092 459 1157 fuerit
481 1083 641 1160 eruditus¹
688 1092 856 1158 Modernis
881 1091 978 1179 crgo¹
1003 1091 1207 1178 temporibus
1234 1090 1306 1156 fieri
1333 1111 1408 1157 con-

353 1195 465 1260 sucvit
489 1195 632 1260 asssium
657 1195 699 1260 de
722 1196 867 1282 pondere
895 1217 918 1258 x
945 1195 1190 1279 sterlingorum,
1216 1193 1343 1260 scilicet
1366 1215 1408 1258 ex

356 1295 496 1361 dimidia
525 1296 632 1372 uncia,
657 1317 733 1362 cnm
761 1296 950 1362 subtilitate
977 1295 1187 1361 rectitudinis
1218 1295 1408 1381 ponderate,

354 1421 429 1485 quae
452 1401 489 1464 in
513 1401 679 1478 cineratis,
696 1401 739 1465 ad
766 1400 829 1468 hoc
853 1399 1024 1487 dispositis
1048 1400 1085 1463 in
1108 1400 1194 1486 igne,
1210 1399 1356 1485 ponitur,
1375 1401 1411 1462 et

354 1521 429 1566 cum
456 1500 633 1568 sufficienti
658 1501 795 1588 plumbo
821 1502 1042 1568 examinando
1065 1502 1109 1566 ab
1131 1501 1221 1567 omni
1237 1501 1302 1566 alio
1317 1503 1410 1565 tene.

354 1609 467 1670 mento
482 1605 577 1692 cupri
601 1609 662 1670 aut
684 1605 917 1690 cujuscunque⁴
937 1603 1074 1669 alterius
1096 1603 1223 1670 metalli
1237 1608 1409 1692 purgatur,

243 1777 252 1793 ⁸
354 1707 449 1792 cujus
473 1707 571 1792 asscij
599 1708 731 1794 pondus
757 1707 935 1793 cujuslibet
968 1707 1063 1793 grani
1089 1728 1147 1792 per
1170 1711 1298 1772 rectum
1322 1727 1409 1772 eom-

354 1815 471 1895 potum
482 1811 594 1875 velere
604 1811 764 1896 probatur
774 1810 817 1875 ad
833 1809 980 1894 singulas
995 1809 1096 1874 libras
1112 1831 1215 1874 unum
1227 1809 1408 1884 donatiam,

354 1917 390 1976 et
404 1910 474 1976 sic2
489 1933 550 1997 per
574 1933 777 1998 consequens
800 1911 977 1977 dimidium
999 1933 1140 1998 grenm
1163 1911 1255 1977 valet
1277 1911 1409 1976 obolum

355 2019 391 2079 et
414 2020 535 2099 quarta
561 2035 638 2101 pars
669 2016 766 2103 grani
792 2014 884 2080 valet
915 2014 1155 2100 quadrantem
1193 2014 1282 2098 quod
1312 2013 1410 2080 facile

356 2116 563 2196 ostenditur;
586 2139 728 2203 granum
737 2118 861 2182 etenim
873 2121 924 2182 est
933 2115 1065 2202 xxiiija
1073 2138 1150 2204 pars
1161 2117 1261 2182 unius
1273 2115 1408 2182 denarii.

356 2217 452 2284 Sicut
468 2217 569 2304 ergo³
585 2219 708 2306 viginti
718 2225 861 2306 quatuor
870 2241 976 2307 gruna
992 2218 1122 2285 faciunt
1133 2239 1238 2285 unum
1256 2219 1409 2305 sterling-

355 2343 423 2398 um,
450 2323 497 2387 sic
520 2321 646 2407 xxiiiju
664 2322 812 2388 dimidias
836 2323 941 2388 unciae
963 2321 1133 2388 efficiunt⁴
1159 2345 1258 2386 unam
1282 2322 1408 2388 libram.

357 2421 508 2487 Eundem
532 2410 637 2510 igitur
661 2424 768 2490 locum
784 2427 902 2489 tenent
927 2424 1060 2511 singule
1085 2433 1189 2510 grana
1212 2425 1248 2488 in
1271 2424 1411 2490 dimidia

358 2524 465 2602 uncia,
479 2545 578 2610 quem
594 2525 718 2612 singuli
735 2525 863 2590 denarii
879 2530 996 2590 tenent
1013 2525 1048 2590 in
1064 2525 1158 2592 libra.
1198 2525 1282 2591 Cum
1298 2531 1408 2592 autem

357 2632 533 2712 argentum
549 2627 655 2713 possit
670 2627 815 2692 faciliter
830 2629 867 2692 in
882 2628 958 2713 igne
974 2627 1158 2694 decrescere
1174 2633 1208 2693 et
1220 2627 1411 2694 nullatenus

358 2729 607 2816 au[g]mentari,
622 2730 756 2795 sedulus
784 2730 993 2795 examinator
1014 2735 1147 2796 tenetur
1171 2731 1214 2794 sd
1239 2752 1410 2797 conscrva-

359 2831 483 2897 tionem
495 2831 508 2870 ⁵
522 2833 654 2919 argenti
677 2853 841 2898 summam
857 2855 895 2896 ec
910 2833 1187 2898 studiosissimam
1203 2833 1410 2922 diligentiam

358 2934 522 3001 adhibere.
562 2934 607 3000 Et
621 2936 670 3002 sic
684 2956 744 3021 pro
766 2935 909 3022 pondere
932 2935 1109 3020 cujuslibet
1123 2937 1219 3022 grani
1235 2937 1276 3002 de
1292 2936 1411 3002 decasu

358 3035 395 3099 in
404 3034 614 3121 ipso⁶assaio
624 3037 770 3113 invente,
780 3057 867 3101 unus
877 3037 1282 3122 denariusadquamlibct
1292 3038 1410 3104 libram

359 3140 612 3206 convenientius
626 3140 750 3225 poterit
765 3139 958 3226 computari.
1005 3141 1145 3226 Ecquis
1160 3141 1196 3205 in
1214 3139 1358 3228 Anglia,⁷
1374 3163 1411 3208 ec

360 3241 526 3308 nobilibus
548 3242 689 3329 Anglioe,
707 3242 787 3328 caepi
811 3241 911 3327 loqui,
938 3242 1090 3329 inceptus
1113 3264 1221 3308 sermo
1241 3249 1413 3330 percurrat

360 3344 403 3408 ad
426 3365 466 3410 ca
492 3344 637 3410 maxime
663 3364 737 3430 qutc
761 3343 967 3409 attendenda
992 3349 1073 3410 sunt
1095 3345 1182 3411 circa
1195 3351 1361 3412 monetam
1378 3352 1412 3412 et

360 3447 526 3513 cambium
542 3447 773 3535 Anglicanum.
806 3446 990 3533 Scircergo
1005 3453 1136 3533 oportet
1150 3449 1194 3512 ad
1209 3449 1412 3515 evidentiam

361 3550 573 3616 dicendorum
586 3550 675 3636 quod
686 3550 793 3614 omnis
802 3571 910 3615 messa
920 3555 980 3615 aut
996 3558 1129 3616 moneta
1143 3551 1237 3637 cujus
1253 3552 1413 3618 medietas

362 3658 396 3717 et
410 3674 511 3740 supra
533 3659 585 3718 est
608 3653 739 3741 argenti
766 3652 945 3738 purissimi,
959 3657 1118 3740 argentea
1139 3654 1334 3739 appellatur.
1382 3657 1412 3718 A

363 3756 540 3822 medietate
555 3776 635 3820 vero
659 3755 759 3832 infra,
775 3776 984 3841 nequaquam
1008 3761 1167 3843 argentea
1185 3761 1236 3821 est
1252 3755 1411 3822 habende.

364 3856 473 3943 Igitur
487 3858 617 3944 argenti
633 3857 757 3943 cogniti
774 3857 864 3922 aliud
880 3858 1004 3922 emitur
1019 3862 1178 3943 tanquam
1190 3859 1413 3945 purissimum,

363 3960 453 4032 alind
476 3966 637 4046 tanquam
664 3960 819 4026 mixtum.
864 3959 908 4024 Et
932 3960 1012 4046 quia
1034 3961 1149 4026 multae
1170 3966 1250 4027 sunt
1273 3962 1412 4028 diversi·

363 4067 449 4128 tates
472 4063 612 4148 argenti,
637 4063 783 4148 quinque
810 4065 943 4128 tentum
967 4064 1276 4150 pcnsmexemple,
1291 4064 1412 4148 quibus

363 4164 540 4232 intellectis
554 4165 696 4232 faciliter
718 4170 931 4252 cognoscetur
953 4165 1068 4230 modus
1093 4167 1223 4231 emendi
1243 4167 1413 4252 quodlibet

366 4289 468 4355 genus
488 4269 627 4355 argenti,
654 4268 834 4335 secundum
858 4267 946 4352 quod
972 4269 1230 4354 unumquodque
1254 4270 1327 4354 plus
1353 4281 1413 4336 eut

368 4460 492 4469 ψ-
765 4461 782 4467 -.
796 4461 803 4466 -
810 4461 820 4465 -
1213 4461 1286 4468 -—-—-
1305 4464 1335 4470 ---
1342 4465 1408 4472 su„

401 4597 408 4631 ¹
422 4599 515 4662 itaque,
526 4596 585 4649 MS.
597 4597 700 4650 Cotton
816 4585 820 4592 ¹
948 4593 958 4626 ⁴
961 4597 1077 4660 saciant,
1090 4597 1144 4648 MS.
1156 4599 1257 4650 Cotton.

401 4675 597 4729 ’Macedon
612 4675 687 4726 omits
698 4675 744 4726 sic.
888 4691 890 4742 i
946 4673 1379 4738 ‘maranumMsCotton

401 4755 478 4808 8Μὸ.
504 4757 606 4807 Cotton.
623 4757 698 4806 reads
723 4755 806 4820 ἱρέων
828 4755 868 4804 ior
947 4753 1025 4804 ills.
1041 4757 1143 4807 Cotton.
1156 4757 1231 4808 omits
1243 4759 1307 4825 ipso.

368 4850 432 4900 erpo.
947 4831 958 4871 7
969 4835 1000 4884 dc
1011 4835 1121 4901 Anyls'a,
1131 4838 1187 4887 MS.
1201 4839 1305 4891 Cotton.
