3598 5752
569 933 672 982 amna
695 935 833 984 nunnus
858 935 904 984 na
927 935 1124 984 scaccamo.
1284 924 1368 985 1001

316 1125 458 1200 ematrrr,
473 1120 667 1188 onerabitur
683 1121 843 1208 Magister
857 1142 919 1208 pro
932 1123 1079 1206 qualibet
1089 1123 1174 1188 libra
1190 1123 1290 1188 altius
1307 1123 1368 1188 de¹

317 1225 463 1310 pondere
489 1229 587 1290 certae
617 1225 818 1312 quantitatis
845 1226 885 1290 de
914 1247 1014 1312 cupro
1034 1225 1137 1311 juxta
1166 1226 1367 1312 exigentiam

317 1325 519 1414 emptionis.²

362 1430 426 1496 Per
440 1431 611 1516 praemissa
626 1431 729 1518 igitur
753 1431 1007 1518 intelligendum
1031 1431 1186 1516 estquod
1207 1432 1243 1496 in
1269 1432 1368 1497 allaio

318 1540 459 1600 monetae
500 1534 632 1622 Angliae
673 1535 766 1600 nulla
808 1534 875 1600 alia
917 1534 1031 1620 regula
1071 1533 1266 1600 observatur
1306 1536 1368 1599 nisi

318 1635 403 1703 sorte
425 1636 584 1724 Magister
608 1637 750 1702 Monetas
781 1639 817 1702 in
847 1638 953 1702 assaio
984 1659 1043 1702 suo
1074 1637 1201 1722 aliquid
1226 1638 1370 1703 voluerit

318 1740 501 1816 emendare,
517 1739 651 1816 scilicet,
665 1741 776 1805 minus
793 1741 832 1806 de
848 1761 949 1826 cupro
964 1741 1161 1826 apponendo
1177 1741 1213 1803 in
1229 1745 1368 1827 argento

319 1863 418 1929 qnam
448 1865 506 1930 per
536 1849 724 1930 compotum
760 1847 922 1909 oneretur.
986 1843 1057 1907 Hoc
1088 1847 1200 1906 autem
1237 1843 1369 1923 faciens,

319 1945 447 2010 nullum
463 1946 499 2008 in
514 1966 575 2010 suo
589 1951 740 2032 compoto
756 1945 832 2010 inde
848 1945 970 2010 sentiet
991 1945 1187 2022 relevamen,
1203 1945 1269 2010 nisi
1283 1946 1369 2012 forte

321 2053 451 2114 moneta
474 2047 551 2112 inde
574 2047 662 2113 facta
684 2052 820 2134 propter
842 2048 903 2112 hoc
926 2048 961 2110 in
985 2053 1124 2134 argento
1151 2048 1368 2113 standardum

319 2149 473 2215 excedere
500 2148 752 2236 comprobetur.³
798 2149 860 2214 Per
891 2150 979 2235 quod
1004 2154 1099 2236 patet
1130 2151 1219 2235 quod
1249 2173 1370 2238 magna

319 2274 397 2339 pars
423 2251 631 2318 sufficientiae
646 2261 707 2317 aut
733 2252 885 2319 deiectus
915 2252 1007 2317 allaii
1035 2252 1203 2338 dependet
1226 2275 1247 2318 a
1271 2260 1367 2339 parte

319 2356 457 2444 argenti,
472 2363 507 2420 et
522 2377 563 2420 cx
575 2356 715 2421 arbitrio
730 2355 960 2442 comparantis.
1000 2353 1206 2440 Impossibile
1219 2357 1307 2420 enim
1320 2361 1370 2421 est

321 2463 482 2523 monetam
497 2457 711 2522 sufficientem
727 2457 809 2523 effici
825 2458 899 2534 nisi,
914 2457 957 2522 ad
974 2457 1209 2542 perficiendum
1224 2457 1369 2535 allaium,

320 2559 481 2626 habeatur
495 2559 551 2624 vel
571 2559 688 2624 melius
703 2564 887 2644 argentum,
902 2560 955 2624 vel
971 2581 1064 2645 aeque
1079 2560 1202 2624 bonum
1219 2560 1254 2623 in
1270 2560 1369 2624 allaio

320 2662 358 2724 ut
383 2664 517 2724 moneta
540 2680 613 2744 quae
638 2659 714 2722 iude
741 2658 845 2724 fuerit
873 2659 1047 2723 allaianda.
1093 2660 1139 2723 Et
1154 2659 1275 2724 idcirco
1298 2659 1368 2744 ipse

321 2759 478 2849 Magister
492 2760 591 2825 debet
614 2760 743 2848 argenti
760 2765 889 2846 emptor
912 2761 1062 2838 existere,
1080 2761 1138 2846 qui
1161 2760 1202 2826 de
1218 2767 1369 2847 compoto

320 2871 353 2926 et
367 2862 466 2927 allaio
491 2867 631 2926 monetae
656 2863 785 2950 cogitur
808 2862 1014 2947 respondere.
1061 2861 1097 2926 Si
1120 2883 1207 2938 vero,
1223 2863 1310 2928 siout
1334 2863 1369 2925 in

320 2963 449 3050 Anglia
478 2969 589 3028 custos
619 2969 760 3028 monetas
785 2963 839 3028 vel
871 2963 1052 3028 cambiator
1083 2963 1207 3049 absque
1233 2986 1368 3029 assensu

321 3063 471 3151 Magistri
502 3063 565 3128 hoc
595 3062 658 3127 sibi
685 3061 893 3148 competere⁴
922 3062 1115 3138 arbitretur,
1146 3085 1183 3128 ao
1221 3063 1308 3128 idem
1333 3065 1368 3127 in

320 3164 542 3253 emptionibus
562 3165 701 3251 argenti,
725 3165 768 3229 ad
792 3165 1050 3230 conservandam
1066 3165 1266 3250 aequitatem,
1283 3165 1369 3230 sieut

321 3265 420 3342 deest,
436 3264 584 3331 solicitus
608 3286 675 3332 non
700 3265 844 3343 existat;
871 3270 922 3328 set
949 3265 977 3328 si
1001 3264 1097 3342 forte,
1114 3286 1269 3331 accensus
1293 3266 1368 3331 odio

320 3373 378 3434 aut
401 3367 538 3444 invidia,
560 3367 600 3431 de
616 3367 815 3432 comoditate
829 3371 865 3431 et
882 3366 1002 3432 bonore
1023 3367 1173 3454 Magistri
1195 3368 1368 3434 contriste-

321 3476 375 3534 tur
398 3477 432 3535 et
455 3469 574 3546 dolcat,
597 3490 634 3533 ac
661 3469 702 3534 de
727 3468 830 3556 ipsius
845 3467 1046 3554 jocundetur
1070 3469 1247 3556 multiplici
1268 3470 1368 3536 detri-

321 3577 440 3649 mento,
450 3593 509 3658 per
524 3571 620 3657 qued,
633 3569 745 3634 studio
761 3569 960 3634 iraudulosre
976 3571 1121 3648 malitiae,
1133 3593 1199 3636 non
1212 3571 1253 3636 ad
1266 3573 1368 3636 solam

320 3672 542 3760 deceptionem
555 3671 717 3758 Magistri,
726 3681 777 3737 set
793 3673 895 3738 etiam
910 3673 953 3736 ad
968 3673 1214 3738 subversionem
1230 3681 1370 3739 monetae

320 3775 418 3864 Regis
440 3781 616 3862 argentum
638 3773 801 3839 fallaciter
827 3780 942 3842 emisse
965 3774 1115 3842 convinci
1141 3774 1263 3852 valeat,
1279 3775 1371 3840 nulla

320 3878 389 3966 lege
420 3878 519 3944 debet
548 3876 749 3961 impunitate
780 3879 923 3964 gaudere
954 3878 1127 3964 quintam
1154 3876 1237 3962 Regi
1268 3899 1368 3963 quam

321 3981 480 4068 Magistro
504 3979 648 4065 dampna
666 3979 831 4057 restituat,
846 4002 974 4047 necnon
997 3979 1055 4046 et⁵
1070 4001 1129 4065 pro
1153 3980 1272 4045 delicto
1295 4001 1367 4065 gra-

320 4083 393 4147 vius
407 4080 598 4146 redimatur.

316 4191 324 4207 ⁶
364 4182 464 4248 Nunc
489 4181 664 4246 dicendum
690 4187 741 4248 est
765 4183 806 4248 de
838 4183 931 4247 tallia
961 4186 1109 4248 monetae.
1172 4183 1233 4246 Est
1255 4187 1367 4248 autem

323 4283 413 4348 tallia
429 4281 542 4348 scissio
557 4282 628 4346 sive
644 4281 763 4348 divisio
773 4283 904 4370 argenti
916 4289 1015 4369 prout
1030 4283 1065 4347 in
1082 4287 1193 4368 partes
1208 4283 1368 4368 aequalius

355 4548 430 4601 1ΜΒ.
443 4549 547 4600 Cotton.
560 4545 636 4597 omits
648 4545 686 4596 de.
844 4561 846 4583 ¹
867 4547 973 4598 omitted
986 4545 1010 4596 in
1023 4549 1065 4597 the
1078 4557 1197 4600 sentence
1210 4549 1293 4600 which
1305 4553 1368 4600 ends

354 4627 460 4679 ’There
472 4627 493 4678 is
511 4642 546 4677 no
563 4627 643 4676 break
656 4626 717 4677 here
737 4623 764 4676 in
776 4627 820 4677 the
844 4620 846 4652 ¹
867 4627 934 4677 bere.

326 4708 377 4757 MS.
788 4751 790 4756 .
899 4706 1048 4770 ⁴cppelerc.
1062 4707 1118 4756 MS.
1132 4707 1237 4758 Cotton.

354 4785 364 4817 ³
375 4787 428 4836 MS.
438 4783 539 4838 Cotton.
548 4785 595 4836 has
606 4801 622 4836 a
634 4793 737 4849 corrupt
749 4787 821 4835 read·
899 4783 910 4815 ⁶
922 4785 980 4836 MS.
993 4785 1096 4835 Cotton.
1109 4786 1185 4836 omits
1197 4793 1228 4836 et.

325 4862 367 4930 ing
387 4865 456 4926 here,
479 4866 504 4914 ia
527 4865 578 4914 and
601 4863 721 4914 excedere
744 4863 820 4930 being

1175 4975 1235 5036 112
