3548 5754
602 931 865 986 numatianus
888 935 935 984 nn
958 935 1154 985 soacoamo,
1334 911 1397 987 977

352 1123 530 1200 Hiberniae,
546 1144 605 1210 per
627 1122 824 1208 Magistrum
847 1121 1052 1187 Willelmum
1075 1123 1116 1188 de
1141 1122 1299 1199 Marchia,
1315 1121 1399 1188 Tha-
1418 1130 1484 1182 An.
1500 1135 1571 1180 rasa.

349 1226 543 1303 scutarium,
552 1229 587 1292 et
602 1225 748 1290 Berones
760 1225 801 1288 de
816 1224 986 1290 Soaccario
1002 1224 1297 1302 westmonasterii,
1311 1230 1400 1311 apud

351 1327 690 1406 westmonasterium,
705 1329 741 1393 in
757 1326 935 1413 prasentia
947 1327 980 1392 N
983 1326 1099 1394 icholai
1118 1329 1159 1393 de
1177 1327 1280 1404 (llere,
1295 1349 1401 1414 nuper

351 1429 562 1496 Thesaurarii
613 1429 793 1507 Hibernia,
825 1435 861 1494 et
907 1427 1172 1495 Camerariorum
1220 1429 1401 1506 Hiberniae,

350 1531 522 1612 videlieet3
559 1553 618 1598 sex
652 1531 883 1597 contra-rotuli
925 1530 1189 1598 (laurei-ariorum
1230 1532 1401 1598 Hiberniae

351 1634 391 1700 de
429 1635 569 1720 receptis
614 1633 761 1699 thesauri
810 1633 909 1722 Regis
955 1634 1118 1700 Scacoarii
1164 1635 1304 1700 Dublini
1343 1657 1402 1722 per

350 1735 382 1800 N
384 1735 549 1802 icholaum
572 1735 613 1800 de
629 1735 731 1813 Olore,
747 1756 854 1821 nuper
876 1735 1131 1801 Thesaurarium
1144 1735 1243 1824 Regis
1259 1736 1401 1816 ibidem;

351 1836 512 1914 videlicet,
528 1836 569 1902 de
583 1837 681 1902 annis
695 1837 789 1925 regni
812 1837 949 1902 Domini
972 1837 1129 1903 Edwardi
1153 1837 1253 1924 Regis
1267 1844 1401 1923 quarto-

350 1939 484 2013 decimo,
522 1938 775 2023 quintodecimo,
825 1937 1057 2016 sextodecimo,
1109 1939 1402 2026 decimo-septimo,

351 2040 609 2107 decimo-octavo
630 2047 665 2106 et
689 2040 928 2106 decimo-nono,
973 2041 1070 2118 Item,
1086 2062 1146 2106 sex
1170 2042 1402 2107 contra-rotuli

351 2143 391 2209 de
425 2142 679 2208 liberationibus
718 2139 816 2207 factis
856 2142 897 2206 de
937 2141 1051 2207 eodem
1092 2141 1308 2208 Thesaurario
1342 2164 1402 2229 per

352 2245 492 2311 eundem
509 2244 706 2311 Nioholaum
723 2243 793 2328 [de]
809 2249 955 2330 tempore
978 2243 1145 2330 praedicto.
1190 2246 1286 2324 Item,
1301 2245 1401 2312 breve

351 2347 450 2432 Regis
490 2351 609 2434 patens
654 2345 815 2410 directum
861 2345 1079 2412 Thesaumrio
1125 2352 1160 2413 et
1202 2346 1400 2414 (temerariis

351 2447 521 2514 Hibernia
551 2446 592 2512 de
622 2445 745 2532 viginti
775 2447 893 2512 marcis
923 2446 1062 2532 singulis
1093 2447 1189 2512 anuis
1221 2447 1427 2514 liberandis.

353 2549 433 2616 Elim
458 2549 499 2614 de
515 2547 705 2634 Wyntonie,
726 2548 785 2612 uni
810 2546 977 2612 Beronum
1002 2548 1043 2613 de
1067 2547 1236 2616 Scaocario
1253 2551 1403 2629 Dublini,

353 2673 412 2739 pro
436 2649 533 2717 feodo
556 2671 617 2716 suo
648 2649 684 2714 in
708 2647 814 2714 officio
846 2649 1012 2735 proedicto.
1060 2650 1156 2730 Item,
1173 2653 1275 2718 breve
1302 2653 1402 2738 Regis

353 2759 469 2842 patens
492 2753 654 2818 directum
675 2751 802 2816 'eisdem
827 2750 1045 2816 Thesaurario
1061 2752 1124 2838 [et]
1141 2755 1340 2821 Camerariis
1360 2756 1401 2822 de

354 2855 476 2945 viginti
507 2854 624 2920 naamis
653 2853 793 2940 singulis
824 2853 920 2918 annis
957 2851 1137 2918 liberandis
1176 2854 1325 2921 dohanni
1360 2856 1400 2922 de

355 2957 490 3034 Karoia,
506 2957 566 3022 uni
582 2956 749 3022 Beronum
764 2954 806 3020 de
822 2954 935 3020 eodem
952 2953 1132 3033 Scacoario,
1148 2979 1208 3044 pro
1224 2957 1323 3024 feodo
1338 2981 1399 3024 suo

354 3061 389 3125 in
413 3059 518 3126 officio
548 3057 712 3145 praedicte.
759 3056 855 3134 Item,
871 3057 968 3142 xxiiij
995 3057 1116 3124 litterae
1142 3058 1282 3126 Galfridi
1310 3060 1402 3126 Brun

353 3161 394 3228 de
418 3161 558 3226 diversis
581 3159 721 3245 receptis
745 3157 786 3222 de
811 3159 931 3244 quibus
956 3158 1054 3224 debet
1078 3165 1270 3246 computare
1289 3184 1399 3228 coram

355 3261 572 3329 Thesaurari'o
598 3260 780 3326 Hiberniae.
826 3261 923 3337 Item,
938 3261 1004 3325 duo
1022 3261 1218 3348 cirographa
1240 3265 1329 3330 inter
1344 3265 1401 3332 do·

354 3365 480 3430 minum
492 3362 651 3429 Thomam
667 3361 708 3426 de
720 3361 814 3447 Rupe
830 3365 864 3426 et
879 3383 1016 3427 uxorem
1028 3361 1099 3447 ejus
1114 3368 1149 3429 et
1165 3362 1402 3452 S[tephanum]

356 3465 630 3533 waterfordensis
672 3463 880 3551 Episcopum.
946 3462 1044 3540 Item,
1075 3464 1183 3530 claves
1226 3467 1401 3553 cujusdam

355 3568 478 3655 pixidis
500 3568 542 3633 de
573 3565 711 3633 Oambio
737 3565 913 3630 existentis
937 3565 972 3628 in
995 3565 1146 3632 custodia
1168 3567 1403 3636 Bartholomaei

346 3669 515 3736 'aurifabri
545 3669 625 3733 dum
651 3666 747 3731 vixit.
803 3666 898 3743 Item,
923 3665 997 3730 duae
1022 3665 1143 3732 litterae
1175 3666 1336 3756 escheli]
1363 3671 1404 3736 de

356 3773 491 3840 Uonkor
514 3772 555 3838 de
582 3771 672 3836 mille
700 3769 827 3835 marcis.
871 3768 969 3846 Item,
985 3770 1146 3857 scriptum
1171 3773 1402 3861 obligatorium

355 3873 530 3961 atorn[ati]
562 3872 710 3938 Huberti
743 3872 784 3936 de
818 3871 924 3948 Passo,
955 3871 1039 3936 civis
1070 3878 1105 3938 et
1134 3876 1326 3941 mercatoris
1365 3876 1405 3942 de

356 3976 532 4054 Florentia,
564 3997 623 4061 per
661 3973 748 4060 quod
787 3977 922 4040 tenetur
960 3973 1095 4040 domino
1133 3975 1322 4044 Theobaldo
1360 3977 1405 4043 Le

357 4079 495 4148 Botiller
524 4079 561 4142 in
587 4081 720 4144 centum
748 4075 811 4160 [et]
842 4075 989 4162 quinque
1016 4076 1135 4143 marcis
1164 4078 1404 4167 sterlingorum.

355 4181 454 4260 Item,
482 4181 655 4247 Statutum
687 4177 787 4263 Regis
818 4176 860 4242 de
899 4177 1042 4255 Moneta,
1074 4179 1116 4244 ad
1141 4181 1405 4248 emendationem

356 4283 512 4372 ejusdem.
571 4280 667 4358 Item,
707 4279 939 4366 cirographum
973 4279 1014 4346 de
1052 4281 1150 4347 rebus
1187 4282 1334 4349 inventis
1370 4285 1406 4350 in

357 4387 471 4454 eadem
502 4384 586 4451 cista
615 4403 688 4469 qun
726 4381 792 4450 fuit
822 4380 913 4447 Petri
951 4381 992 4447 de
1031 4382 1210 4470 Balynnor,
1240 4387 1407 4472 quondam

358 4487 539 4556 Camerarii
569 4486 611 4552 de
642 4483 812 4550 Soacoario
848 4481 997 4547 Dublini.
1043 4483 1140 4563 Item,
1164 4485 1277 4553 littera
1307 4489 1406 4574 Regis

358 4598 475 4677 patena
500 4587 584 4656 dans
613 4591 811 4673 potestatem
844 4583 988 4650 Roberto
1019 4585 1061 4652 de
1087 4587 1214 4666 Ufford‚
1240 4592 1407 4675 quondam

359 4691 549 4760 lustitiario
567 4688 749 4764 Hiberniae,
764 4685 921 4753 fecffandi
936 4686 978 4752 de
994 4688 1098 4754 vastis
1120 4688 1219 4776 Regis
1235 4691 1271 4756 in
1287 4693 1406 4760 Hiber·-

361 4795 422 4860 nia.
477 4794 573 4869 Item,
604 4791 732 4857 rotulus
763 4789 915 4874 Receptae
945 4788 986 4854 de
1021 4789 1196 4878 ser[vitiis]
1227 4793 1410 4876 Hiberniae,
