3598 5752
411 901 497 966 1012
677 915 779 968 n1ara
801 915 939 966 nosnos
962 913 1008 964 or
1031 913 1225 966 scrocuoo.

279 1105 346 1158 Ao.
411 1125 527 1171 vocare
560 1105 774 1190 contingerat,
804 1103 906 1170 libere
939 1107 1180 1190 praesentarant
1203 1103 1455 1192 imperpetuum.

264 1178 368 1225 ΜΗ·
411 1205 509 1273 Unde
525 1206 612 1272 idem
628 1205 723 1272 Prior
735 1206 866 1272 dicebat
881 1207 969 1292 quod
986 1207 1162 1292 predictus
1179 1207 1374 1284 Willelmus,
1399 1229 1457 1294 per

410 1308 605 1393 praedictum
639 1309 748 1386 finem,
779 1307 998 1392 praesentavit
1036 1307 1162 1376 dictum
1201 1309 1388 1374 Johennem
1426 1309 1456 1374 le

411 1411 600 1498 Fraunceys
615 1412 658 1478 ad
674 1413 866 1500 praedictom
891 1411 1070 1487 ecclesiam,
1086 1419 1120 1476 et
1135 1411 1223 1497 qnod
1247 1411 1456 1500 presentatio

414 1513 505 1578 nulle
536 1516 701 1600 pertinere
725 1515 825 1582 debet
854 1517 895 1581 de
918 1521 1035 1580 ooetero
1066 1515 1109 1580 ed
1132 1514 1278 1580 haeredes
1308 1512 1455 1600 praedicti

412 1615 565 1681 Willelmi
583 1617 635 1682 vel
662 1618 814 1684 custodes
841 1619 1039 1698 eorundem
1061 1639 1121 1682 neo
1146 1617 1244 1684 debet
1269 1619 1338 1704 ipse
1363 1615 1456 1682 Prior

409 1718 561 1804 impediri
591 1720 673 1804 quin
704 1725 902 1806 praesentare
933 1719 1037 1804 possit
1067 1724 1128 1786 eut
1157 1719 1248 1784 aliud
1279 1718 1384 1784 facere
1415 1716 1455 1782 de

408 1819 497 1886 dicte
557 1819 782 1897 advocatione,
840 1827 1010 1906 tamqnam
1072 1819 1252 1886 advocatus
1313 1817 1455 1884 eoelesiae

408 1921 581 2006 praedierae.
628 1921 673 1986 Et
704 1923 783 2008 quia
807 1921 914 1988 dedici
938 1942 1006 1986 non
1029 1927 1139 2008 potest
1165 1921 1246 2008 quin
1279 1920 1455 2008 predictus

408 2023 485 2089 finis
523 2023 631 2090 fectus
676 2024 779 2090 inerit
828 2024 916 2090 inter
960 2025 1133 2110 praedictos
1182 2023 1383 2090 Willelmum
1422 2029 1456 2090 et

408 2127 577 2194 Terrioum
615 2127 850 2214 supradictum,
882 2129 1047 2214 quondam
1095 2127 1249 2203 Priorem,
1283 2127 1320 2191 in
1351 2125 1455 2192 forme

407 2230 616 2318 supradicta3
646 2251 706 2296 neo
729 2231 855 2318 aliquid
879 2237 1017 2318 apparet
1046 2253 1106 2318 per
1130 2231 1218 2316 quod
1248 2229 1336 2297 idem
1364 2229 1455 2294 Prior

408 2331 461 2396 vel
492 2353 691 2398 successores
720 2333 772 2398 aui
804 2331 909 2398 eidem
940 2331 1106 2398 Willelmo
1148 2331 1275 2417 aliquid
1318 2331 1455 2397 fecerint

408 2455 466 2522 per
480 2435 569 2521 quod
584 2435 655 2522 ipse
671 2435 724 2500 vel
745 2436 891 2502 haeredes
915 2437 966 2501 sui
990 2435 1134 2522 alioquid
1158 2435 1195 2500 in
1211 2434 1300 2500 dicte
1315 2435 1453 2500 advoca-

408 2537 498 2603 tione
528 2537 669 2602 clamare
700 2537 844 2624 possint:
883 2537 1135 2605 Consideratum
1167 2541 1218 2602 est
1256 2558 1316 2623 per
1347 2536 1453 2622 iprum

408 2639 578 2704 dominnm
609 2639 731 2724 Regem
759 2645 793 2705 et
818 2641 991 2706 eonsilium
1023 2662 1118 2705 suum
1147 2639 1234 2724 quod
1278 2638 1454 2724 praedictus

406 2740 501 2806 Prior
532 2742 697 2806 occasione
727 2740 809 2806 dicti
840 2740 980 2806 haeredis
1004 2741 1092 2805 infra
1123 2746 1256 2806 aetatem
1281 2739 1454 2806 existentis

406 2863 469 2907 non
502 2841 704 2928 impediatur
733 2843 815 2928 quin
845 2842 888 2907 ad
920 2843 1090 2909 ecclesi-sm
1123 2841 1314 2928 praedictam
1353 2840 1453 2906 libere

405 2949 604 3030 praesentare
635 2944 745 3030 possit,
777 2949 811 3009 et
843 2945 882 3008 de
914 2943 1004 3008 dicto
1033 2942 1260 3018 advocatione,
1286 2947 1386 3027 prout
1412 2941 1453 3006 ed

405 3051 581 3133 patronum
597 3046 752 3132 pertinet,
769 3045 873 3110 lacere
891 3047 980 3130 quod
997 3045 1061 3109 sibi
1080 3044 1200 3110 viderit
1215 3041 1379 3130 expedire.

252 3477 367 3527 Fam·
407 3435 556 3502 BREVE
602 3435 663 3501 DE
708 3434 897 3501 JUDIOIO
942 3433 1182 3500 DIREOTUM
1237 3432 1454 3501 EPISCOPO

237 3544 386 3594 Alilais.
495 3536 827 3604 LINOOLNIENSI
865 3535 953 3600 PRO
999 3535 1219 3602 ECOLESIA
1257 3536 1319 3601 DE
1359 3537 1453 3602 KIR·

496 3637 690 3704 KETONE.

450 3781 670 3858 “Edwardus
725 3779 786 3844 Dei
840 3779 956 3866 gratio,
995 3801 1053 3843 rex
1110 3777 1249 3864 Angdiae,
1302 3778 1455 3844 dominus

405 3895 421 3920 ‘·
444 3884 622 3958 Hibernis,
655 3888 689 3947 et
719 3882 788 3948 dux
819 3880 1020 3968 Aquitaniae,
1044 3881 1226 3946 venerabili
1256 3882 1289 3944 in
1323 3879 1455 3948 Christo

406 3997 421 4023 “
445 3985 533 4074 patri
566 3985 697 4048 domino
728 3980 916 4068 R[oberto],
942 3983 1054 4048 eedem
1087 3983 1196 4068 gratia
1236 3983 1454 4050 lincolniensi

405 4101 421 4128 “
446 4090 606 4176 episcopo,
646 4087 794 4152 salntem.
843 4085 963 4152 Sciatis
998 4086 1087 4172 quod
1122 4085 1224 4152 frater
1258 4085 1384 4173 Joaeph
1415 4089 1455 4154 de

406 4205 421 4229 “
447 4189 610 4274 Kooncy,¹
641 4188 735 4252 Prior
763 4188 928 4253 Johannis
957 4187 1141 4253 Jerusalem
1172 4189 1207 4252 in
1248 4189 1379 4276 Anglis‚
1420 4191 1455 4256 in

405 4305 422 4330 “
445 4293 537 4359 curis
560 4295 675 4354 nostra
707 4311 816 4354 corsm
847 4289 869 4354 J
873 4289 1048 4354 ostitiariis
1076 4287 1197 4356 nostris
1228 4291 1317 4376 epod
1349 4291 1454 4358 West·

406 4407 422 4432 “
446 4393 691 4468 monasterium,
737 4413 794 4476 per
840 4390 1133 4456 considerationem
1180 4389 1326 4475 ejusdem
1357 4394 1455 4460 curias

407 4510 423 4533 “
447 4505 568 4562 nostrae
607 4493 816 4580 recuperavit
851 4493 1139 4578 praesentationem
1181 4515 1272 4558 snam
1316 4494 1358 4558 ad
1391 4504 1455 4560 tres

1284 4623 1421 4630 ——-..-.

441 4687 447 4718 ¹
458 4685 546 4749 [ναίον
557 4681 656 4747 Joacpd
673 4683 701 4730 de
717 4680 905 4745 Kounryissn
957 4691 1017 4730 note
1039 4679 1121 4729 which
1144 4681 1166 4730 is
1195 4698 1222 4731 as
1246 4683 1344 4733 follows
1354 4693 1409 4734 :-“
1418 4685 1455 4734 Ee

405 4761 591 4816 interlineation
610 4761 635 4810 in
653 4761 717 4818 Me,
733 4776 748 4810 n
764 4758 902 4810 correction
947 4759 1003 4822 suit
1023 4768 1081 4808 tunc
1096 4759 1174 4808 Prior
1184 4761 1263 4824 fatua
1275 4763 1340 4824 (sio)
1358 4763 1456 4834 Josrplr

406 4839 902 4916 probablymndelromclaterorarginsl
924 4832 929 4884 l
953 4837 984 4886 de
999 4837 1136 4904 Kormry.'’
