3598 5752
432 871 516 935 1052
677 887 780 938 amns
803 887 941 938 sununs
964 889 1010 938 nu
1034 887 1230 938 scisciam.

254 1072 417 1127 ·b·D·18⁰l·
434 1091 493 1136 seu
509 1074 718 1158 expressione
734 1073 912 1138 verborum
926 1073 970 1138 ab
981 1073 1095 1140 eadem
1105 1073 1181 1140 sede
1194 1073 1371 1152 concessis;
1387 1071 1487 1139 etiam

434 1173 462 1237 si
489 1173 700 1240 contineatur
724 1175 759 1240 in
784 1176 831 1240 eis
858 1175 945 1262 quod
974 1175 1014 1242 de
1041 1177 1187 1264 ipsorum
1215 1175 1295 1241 totis
1318 1175 1489 1241 tenoribus

435 1276 594 1352 seriatim,
611 1278 662 1340 rel
680 1278 720 1342 dc
741 1279 842 1344 verbo
866 1279 909 1344 sd
924 1278 1073 1356 verbum,
1088 1301 1146 1345 seu
1172 1279 1212 1344 de
1237 1279 1488 1364 impetrantium

436 1383 497 1443 aut
523 1401 561 1442 ea
585 1379 809 1444 obtinentium
835 1379 1025 1445 nominibus
1049 1381 1191 1468 propriis
1216 1381 1347 1467 plenam
1372 1385 1407 1446 et
1431 1401 1488 1444 ex·

436 1503 582 1568 pressam
598 1504 656 1546 seu
672 1483 863 1568 explicitam
887 1489 1191 1569 quantumcumque
1214 1489 1345 1569 oportet
1360 1482 1431 1548 fieri
1453 1482 1489 1546 in

436 1585 557 1648 nostris
584 1584 706 1648 litteris
731 1585 940 1662 mentionem,
956 1591 990 1650 et
1016 1585 1165 1672 qualibet
1189 1585 1256 1650 alia
1282 1585 1379 1652 dictae
1403 1585 1490 1650 sedis

438 1687 649 1774 indulgentis¹
663 1686 885 1774 cujuscunque
911 1689 1034 1754 tenoris
1056 1689 1168 1755 formae
1193 1689 1247 1754 vel
1271 1687 1490 1774 expressionis

439 1792 571 1867 existet,
587 1811 647 1877 per
669 1810 766 1876 quam
785 1790 825 1856 de
846 1792 946 1856 verbo
970 1791 1166 1856 adverbum
1193 1791 1409 1877 praesentibus
1424 1811 1491 1856 non

439 1895 598 1959 insertam
624 1900 684 1958 aut
708 1894 906 1958 nominatim
928 1900 963 1960 et
977 1893 1190 1982 singulariter
1205 1915 1272 1960 non
1294 1915 1491 1981 expressam,
1516 1941 1519 1946 -

440 1997 576 2064 effectus
598 2017 711 2068 earum
734 1997 887 2083 impediri
910 1998 1126 2083 quovismodo
1150 1998 1260 2063 valcat
1282 1999 1335 2062 vel
1359 1997 1492 2063 differri.

440 2099 614 2176 Caeterum,
638 2099 772 2164 clericos
793 2099 867 2164 illos
888 2101 929 2164 ad
955 2101 1201 2186 praestationem
1223 2100 1327 2188 ipsius
1358 2099 1492 2166 decima

438 2201 545 2268 teneri
556 2200 709 2278 nolimus,
718 2221 858 2286 quorum
874 2201 1083 2268 ecclesiastici
1098 2202 1247 2268 redditus
1263 2207 1297 2266 et
1311 2207 1492 2290 proventus

440 2311 567 2392 septem
582 2305 742 2372 librarum
760 2305 998 2371 'l'uronensium
1016 2326 1195 2392 parvorum
1219 2325 1382 2370 summam
1398 2304 1493 2370 annis

442 2407 582 2494 singulis
597 2429 665 2472 non
688 2408 861 2474 excedunt.
908 2406 963 2472 Sic
988 2407 1024 2470 in
1047 2407 1110 2472 hec
1136 2410 1232 2494 parte
1256 2405 1378 2472 nostris
1401 2426 1494 2470 man·

442 2507 539 2587 datie,
551 2509 696 2586 monitis,
712 2507 990 2595 persuasionibus,
1003 2513 1037 2574 et
1047 2507 1334 2574 exhortationibus
1344 2507 1494 2595 parituri,

442 2611 529 2696 quod
546 2633 567 2674 a
578 2611 659 2688 Deo,
670 2611 711 2675 de
726 2611 821 2697 cujus
836 2610 978 2697 negotiis
993 2610 1113 2696 agitur,
1122 2615 1255 2675 aeternae
1266 2609 1495 2676 retributionis

443 2713 625 2798 praemium,
656 2733 694 2778 ac
717 2733 738 2776 s
768 2711 864 2777 nobis
894 2714 929 2776 et
959 2733 979 2776 s
1011 2711 1086 2777 sede
1118 2711 1310 2799 Apostolica
1339 2711 1495 2800 praecipui

442 2813 568 2879 favoris
583 2819 799 2904 augmentum
816 2835 883 2879 non
899 2813 1064 2880 immerito
1078 2813 1234 2899 consequi
1250 2813 1397 2879 valeatis.

502 2917 592 2982 Data
615 2917 857 2994 Lateranensis,
873 2915 921 3002 iiij
948 2915 1116 2982 Kalendas
1140 2914 1263 2992 Martii,
1279 2914 1496 2982 Pontificatus

444 3020 549 3084 nostri
565 3040 653 3085 anno
668 3019 817 3106 septimo.

800 3323 1147 3334 ————-—-

277 3583 346 3636 sn.
358 3585 431 3632 isca
495 3563 695 3629 bonefacius
712 3561 902 3649 Episcopus
918 3583 1033 3628 servus
1048 3583 1219 3630 servorum
1239 3564 1311 3642 Dei,
1332 3566 1501 3634 carissimo

449 3667 485 3732 in
509 3666 643 3732 Christo
665 3665 734 3730 filio
756 3664 929 3742 Edwards
952 3663 1034 3751 Regi
1058 3664 1189 3753 Angliae
1211 3666 1344 3743 illustri,
1358 3669 1499 3734 salutem

450 3775 484 3837 et
511 3768 727 3857 apostolicam
751 3767 1021 3834 benedictionem.
1083 3767 1182 3834 Clara
1204 3768 1411 3836 celsitudinis
1433 3775 1502 3836 tuse

452 3873 572 3939 merita
595 3877 630 3937 et
654 3871 789 3936 sinceres
804 3869 991 3936 devotionis
1014 3871 1169 3936 affectum
1185 3893 1252 3958 quo
1278 3873 1321 3938 ad
1344 3872 1453 3938 Deum
1469 3876 1503 3939 et

451 3977 635 4042 Romanam
663 3974 843 4052 ecclesiam,
867 3978 1006 4038 matrem
1032 3978 1135 4053 tuam,
1155 3973 1310 4041 fervuisti
1333 3977 1503 4052 hactenus,

452 4082 546 4167 viget
579 4079 622 4144 ad
651 4099 805 4167 praesens,
832 4081 866 4142 et
889 4077 976 4143 sicut
1005 4097 1177 4164 speramus
1207 4083 1241 4144 et
1264 4079 1436 4156 credimus,
1466 4080 1500 4144 in

452 4183 616 4259 futurum,
630 4179 775 4247 Domino
790 4179 985 4256 auxiliante,
1000 4179 1156 4258 fervebis,
1170 4181 1315 4268 benigna
1337 4183 1501 4250 consider·

452 4285 563 4353 atione
578 4289 755 4373 pensantes
770 4289 805 4349 et
819 4283 1030 4349 attendentes
1046 4284 1135 4371 qnod
1150 4289 1218 4350 tam
1231 4287 1393 4372 praeteriti
1402 4309 1502 4373 quarn

452 4388 602 4455 moderni
638 4387 767 4452 malitia
804 4384 962 4473 temporis
999 4391 1034 4451 te
1063 4387 1252 4472 sumptibus
1281 4388 1435 4476 plurimis
1465 4411 1504 4455 ac

453 4491 622 4558 laboribus
646 4497 681 4557 et
701 4488 865 4580 angustiis
889 4489 1096 4575 aggravavit,
1111 4490 1168 4576 pia
1189 4491 1407 4557 meditatione
1429 4509 1501 4578 pro

454 4594 600 4660 vidimus
607 4594 658 4659 -ad
683 4599 717 4658 te
740 4593 920 4680 superbiis
935 4593 1083 4658 animum
1099 4595 1247 4680 paterna
1271 4593 1504 4680 compassionis

454 4696 642 4772 extendere,
672 4715 710 4760 ec
740 4696 783 4759 ad
821 4693 1084 4761 sublevationem
1113 4699 1207 4762 tuam
1245 4697 1505 4764 munificentiam

455 4797 654 4886 Apostolicae
680 4795 775 4862 Sedis
791 4796 853 4860 tibi
882 4795 1019 4863 reddere
1041 4819 1245 4887 generosam.
1292 4799 1378 4867 (lum
1401 4799 1506 4891 igitur
