3598 5752
621 920 753 1010 ,crena
776 927 914 977 nunnus
937 919 984 976 nn
1006 922 1201 976 soleclum.
1352 911 1437 974 1021

389 1111 450 1177 Dei
474 1113 593 1201 gratia,
618 1113 741 1179 illustri
769 1113 839 1201 regi
867 1114 1008 1199 Angliae,
1038 1112 1171 1177 domino
1199 1111 1380 1186 Hiberniae,
1405 1117 1439 1176 et
1456 1121 1609 1176 alarias.

389 1213 472 1280 Duci
487 1215 687 1302 Aquitaniae,
704 1221 810 1282 totam
836 1215 985 1280 Insulam
1009 1214 1050 1279 de
1075 1213 1204 1301 Wyght
1225 1214 1261 1277 in
1277 1214 1438 1279 comitatu

388 1316 623 1405 Suhamptonae
654 1341 728 1385 cum
760 1317 1032 1385 advocationibus
1060 1317 1288 1392 Abbatiarum,
1312 1315 1438 1402 priora-

387 1423 492 1496 tuum,
519 1421 737 1498 ecclesiarum,
764 1421 936 1506 hornagiis,
963 1418 1157 1494 redditibus,
1184 1419 1332 1484 servitiis
1356 1417 1437 1482 libe·

387 1541 497 1585 rorum
507 1521 688 1600 hominum,
701 1522 886 1609 villenagiis
898 1543 973 1586 cum
991 1520 1122 1585 villanis
1135 1520 1248 1584 eadem
1259 1519 1438 1608 villenagia

387 1623 577 1688 tenentibus
592 1645 631 1689 ac
646 1644 758 1690 eorum
770 1622 899 1690 catallis
914 1627 949 1686 et
969 1620 1118 1707 sequelis,
1135 1620 1268 1697 scilicet,
1278 1619 1437 1706 quicquid

386 1743 445 1788 nos
461 1724 638 1789 habuimus
659 1724 712 1789 die
739 1723 952 1790 confectionis
975 1722 1148 1808 praesentis
1163 1721 1278 1808 scripti
1294 1722 1331 1785 in
1347 1722 1436 1785 dicta

387 1823 509 1903 Insula,
528 1834 597 1894 tam
622 1828 657 1892 iu
684 1827 848 1893 dominico
872 1848 971 1912 quam
996 1825 1031 1890 in
1057 1825 1212 1900 dominio,
1229 1824 1300 1890 sine
1324 1823 1435 1908 aliquo

385 1932 616 2007 retenement0,
640 1951 715 1994 cum
740 1928 891 1995 omnibus
914 1927 983 1992 suis
1008 1925 1228 2013 pertinentiis,
1254 1932 1324 1990 tam
1347 1925 1437 1990 infra

387 2028 512 2094 dictum
542 2031 736 2096 comitatum
767 2051 867 2116 quam
906 2033 1010 2095 extra
1072 2027 1300 2093 Concessimus
1335 2027 1436 2090 etiam

386 2130 586 2198 reddidimus
602 2139 636 2198 et
651 2133 802 2219 quietum
824 2129 1048 2206 clamavimus,
1064 2129 1233 2214 pronubis
1249 2133 1283 2193 et
1298 2127 1435 2194 haredi-

387 2234 447 2299 bus
479 2234 608 2314 nostrie,
633 2235 791 2322 praedicto
829 2234 962 2298 domino
992 2237 1107 2296 nostro
1138 2231 1222 2317 Regi
1252 2231 1435 2295 manerium

388 2334 512 2402 Christi
538 2336 690 2402 Ecclesia
725 2337 765 2402 de
795 2334 976 2400 Twenham
1012 2334 1048 2398 in
1079 2333 1167 2399 dicto
1198 2334 1367 2410 comitatu,
1398 2355 1436 2398 ac

387 2438 488 2503 etiam
518 2439 700 2504 manerium
731 2438 772 2503 de
804 2434 1014 2522 Lambhyeth
1038 2435 1074 2498 in
1099 2435 1259 2500 comitatu
1285 2435 1436 2512 Surreiae,

387 2539 484 2603 simul
508 2561 583 2606 cum
610 2537 756 2605 manerio
783 2537 870 2624 quod
901 2541 1039 2602 vocatur
1068 2535 1102 2599 la
1132 2535 1209 2600 Sale
1241 2535 1373 2601 Faukes
1400 2536 1436 2600 in

388 2643 543 2728 parochia
567 2643 607 2707 de
632 2641 822 2727 Lamhyeth
855 2662 929 2705 cum
959 2637 1114 2704 omnibus
1135 2639 1203 2702 suis
1225 2639 1436 2724 pertinentiis

386 2749 454 2810 tam
470 2745 561 2809 infra
576 2745 705 2810 eosdem
729 2746 905 2809 comitatus
928 2763 1028 2827 quam
1051 2745 1154 2816 extra,
1170 2761 1238 2804 una
1254 2763 1328 2805 eum
1345 2742 1437 2806 hom-

386 2847 477 2931 agiis,
515 2847 660 2912 servitiis
697 2846 878 2912 liberorum
917 2844 1099 2920 hominum,
1137 2843 1324 2930 villenagiis
1362 2866 1437 2909 cum

386 2949 518 3016 villanis
533 2951 647 3016 eadem
670 2948 849 3034 villenagia
871 2947 1062 3012 tenentibus
1077 2967 1116 3012 ec
1131 2967 1245 3011 eorum
1260 2947 1389 3012 catallis
1404 2953 1438 3013 et

386 3052 527 3138 sequelia
542 3073 617 3120 cum
633 3051 786 3116 omnibus
801 3051 870 3116 suis
896 3048 1115 3137 pertinentiis,
1130 3048 1264 3124 seilicet,
1281 3049 1439 3136 quicquid

387 3155 564 3222 habuimus
588 3155 625 3220 in
654 3154 821 3241 praedictis
852 3151 1007 3218 maneriis
1032 3151 1085 3216 die
1112 3150 1328 3220 confectionis
1355 3175 1437 3238 prae-

388 3259 490 3324 sentis
514 3258 640 3345 scripti,
663 3262 731 3323 tam
759 3257 795 3320 in
820 3255 984 3321 dominico
1008 3275 1108 3339 quam
1132 3253 1168 3317 in
1192 3253 1346 3331 dominio,
1363 3278 1437 3321 cum

354 3437 357 3443 ‚
388 3361 541 3428 omnibus
578 3361 647 3427 suis
684 3358 896 3447 pertinentiis
934 3357 1004 3420 sine
1042 3355 1155 3439 aliquo
1193 3363 1438 3423 retenemento:

389 3463 588 3529 Habendum
624 3467 658 3527 et
696 3459 876 3527 tenendum
915 3457 1073 3544 praedicto
1112 3455 1244 3521 domino
1283 3459 1367 3544 Regi
1405 3464 1438 3524 et

389 3564 575 3630 haeredibus
599 3585 657 3629 seu
682 3561 859 3650 assignatis
886 3561 963 3636 suis,
979 3558 1092 3635 libere,
1107 3559 1227 3643 quiete,
1243 3563 1277 3623 et
1299 3558 1438 3624 heredi-

389 3667 473 3732 tarie
501 3667 755 3753 imperpetuum.
801 3663 856 3727 Ita
883 3660 971 3748 quod
992 3682 1053 3726 nec
1068 3680 1137 3735 nos,
1154 3660 1300 3726 haeredes
1323 3663 1438 3739 nostri,

388 3790 446 3835 seu
471 3767 592 3854 aliquis
620 3767 751 3832 nomine
776 3768 889 3829 nostro
914 3763 950 3826 in
976 3759 1144 3849 praedictis
1168 3761 1267 3826 terrie
1288 3768 1322 3827 et
1347 3769 1436 3828 tene-

388 3871 509 3937 mentis
536 3891 610 3935 cum
636 3869 704 3934 suis
731 3864 951 3954 pertinentiis,
967 3862 1147 3928 nominatis
1171 3885 1228 3928 seu
1250 3885 1317 3928 non
1332 3864 1437 3930 nomi·

388 3974 488 4052 natis,
525 3971 651 4058 aliquid
683 3969 769 4056 juris
797 3967 850 4032 vel
881 3966 991 4032 clamii
1026 3964 1186 4030 decaetero
1218 3965 1349 4053 exigere
1380 3989 1438 4031 seu

388 4076 562 4142 vendicare
580 4074 761 4162 poterimus
776 4071 1029 4157 imperpetuum.
1070 4067 1134 4132 Pro
1157 4068 1219 4133 hac
1234 4074 1346 4132 autem
1362 4091 1438 4135 con·

389 4179 532 4245 cessione
562 4175 747 4242 redditione
778 4177 813 4237 et
842 4171 955 4256 quieta
985 4169 1190 4246 clamatione,
1220 4170 1313 4234 dedit
1344 4172 1438 4236 nobis

389 4282 547 4369 praefatus
563 4281 716 4345 dominus
733 4276 805 4342 Rex
821 4297 880 4340 sex
902 4273 1008 4338 millia
1023 4293 1207 4337 marcarum
1224 4275 1354 4362 argenti
1369 4297 1439 4361 pree

390 4385 550 4450 manibus.
597 4383 641 4447 Et
657 4386 696 4446 ut
710 4379 782 4444 haec
796 4383 912 4443 nostra
927 4375 1099 4450 concessio,
1115 4373 1260 4439 redditio
1275 4380 1309 4440 et
1325 4378 1438 4462 quieta

390 4487 541 4552 clamatio
562 4489 636 4550 rata
661 4479 849 4548 et‘stabilis
872 4483 1065 4565 permaneat
1090 4477 1344 4562 imperpetuum,
1360 4478 1438 4547 huic

390 4589 512 4676 scripto
536 4586 681 4674 sigillum
714 4588 866 4649 nostrum
897 4577 1120 4667 apposuimus.
1174 4578 1251 4642 Hiis
1276 4581 1418 4646 testibus
1430 4603 1437 4661 ;

391 4691 523 4757 domino
537 4687 686 4754 Antonio
708 4682 925 4750 Dunelmenai
946 4681 1115 4766 Episcopo,
1131 4678 1273 4746 dominis
1297 4681 1438 4748 Ricardo

390 4794 430 4860 de
455 4793 589 4868 Astone,
614 4790 762 4856 Gilberto
794 4787 835 4852 de
867 4783 1032 4860 Knoville,
1063 4783 1206 4849 Ricardo
1236 4783 1276 4849 de
1307 4785 1439 4852 Walde·

391 4919 499 4984 grave,
524 4894 674 4961 Jordano
697 4891 738 4958 de
763 4889 990 4977 Kyngestone,
1014 4886 1160 4952 lieberto
1186 4886 1227 4950 de
1254 4887 1440 4956 Glammor·
