<?xml version="1.0" encoding="UTF-8"?>
<!DOCTYPE html PUBLIC "-//W3C//DTD XHTML 1.0 Transitional//EN"
    "http://www.w3.org/TR/xhtml1/DTD/xhtml1-transitional.dtd">
<html xmlns="http://www.w3.org/1999/xhtml" xml:lang="en" lang="en">
 <head>
  <title>
</title>
<meta http-equiv="Content-Type" content="text/html;charset=utf-8" />
  <meta name='ocr-system' content='tesseract 3.04.00' />
  <meta name='ocr-capabilities' content='ocr_page ocr_carea ocr_par ocr_line ocrx_word'/>
</head>
<body>
  <div class='ocr_page' id='page_1' title='image "./redbookexcheque00hallgoog_0300.png"; bbox 0 0 3548 5754; ppageno 0'>
   <div class='ocr_carea' id='block_1_1' title="bbox 394 869 1198 934">
    <p class='ocr_par' dir='ltr' id='par_1_1' title="bbox 394 869 1198 934">
     <span class='ocr_line' id='line_1_1' title="bbox 394 869 1198 934; baseline 0 0"><span class='ocrx_word' id='word_1_1' title='bbox 394 869 458 934; x_wconf 81' lang='lat'><strong>992</strong></span> <span class='ocrx_word' id='word_1_2' title='bbox 647 883 750 932; x_wconf 75' lang='lat' dir='ltr'><strong>cisun</strong></span> <span class='ocrx_word' id='word_1_3' title='bbox 774 883 911 933; x_wconf 69' lang='lat' dir='ltr'><strong>nunnus</strong></span> <span class='ocrx_word' id='word_1_4' title='bbox 934 883 980 933; x_wconf 83' lang='lat' dir='ltr'><strong>ou</strong></span> <span class='ocrx_word' id='word_1_5' title='bbox 1004 883 1198 934; x_wconf 80' lang='lat' dir='ltr'><strong>scsccssro.</strong></span> 
     </span>
    </p>
   </div>
   <div class='ocr_carea' id='block_1_2' title="bbox 391 1069 1451 4542">
    <p class='ocr_par' dir='ltr' id='par_1_2' title="bbox 391 1069 1448 2572">
     <span class='ocr_line' id='line_1_2' title="bbox 437 1069 1444 1159; baseline 0.003 -24"><span class='ocrx_word' id='word_1_6' title='bbox 437 1071 515 1136; x_wconf 87' lang='lat' dir='ltr'><strong>Hiis</strong></span> <span class='ocrx_word' id='word_1_7' title='bbox 530 1071 644 1158; x_wconf 77' lang='lat' dir='ltr'><strong>itaque</strong></span> <span class='ocrx_word' id='word_1_8' title='bbox 661 1072 694 1135; x_wconf 91' lang='lat' dir='ltr'><strong>in</strong></span> <span class='ocrx_word' id='word_1_9' title='bbox 719 1093 837 1159; x_wconf 90' lang='lat' dir='ltr'><strong>genere</strong></span> <span class='ocrx_word' id='word_1_10' title='bbox 861 1071 1066 1159; x_wconf 80' lang='lat' dir='ltr'><strong>preelibutis,1</strong></span> <span class='ocrx_word' id='word_1_11' title='bbox 1090 1069 1260 1138; x_wconf 88' lang='lat' dir='ltr'><strong>sciendum</strong></span> <span class='ocrx_word' id='word_1_12' title='bbox 1284 1070 1444 1156; x_wconf 86' lang='lat' dir='ltr'><strong>estquod</strong></span> 
     </span>
     <span class='ocr_line' id='line_1_3' title="bbox 391 1171 1442 1250; baseline 0 -12"><span class='ocrx_word' id='word_1_13' title='bbox 391 1175 498 1239; x_wconf 89' lang='lat' dir='ltr'><strong>omnis</strong></span> <span class='ocrx_word' id='word_1_14' title='bbox 514 1180 648 1240; x_wconf 88' lang='lat' dir='ltr'><strong>monete</strong></span> <span class='ocrx_word' id='word_1_15' title='bbox 667 1196 710 1239; x_wconf 89' lang='lat' dir='ltr'><strong>ex</strong></span> <span class='ocrx_word' id='word_1_16' title='bbox 731 1175 859 1240; x_wconf 85' lang='lat' dir='ltr'><strong>duobus</strong></span> <span class='ocrx_word' id='word_1_17' title='bbox 882 1171 1033 1250; x_wconf 87' lang='lat' dir='ltr'><strong>efficitur,</strong></span> <span class='ocrx_word' id='word_1_18' title='bbox 1048 1195 1091 1238; x_wconf 90' lang='lat' dir='ltr'><strong>ex</strong></span> <span class='ocrx_word' id='word_1_19' title='bbox 1115 1173 1264 1250; x_wconf 80' lang='lat' dir='ltr'><strong>materie,</strong></span> <span class='ocrx_word' id='word_1_20' title='bbox 1280 1172 1442 1246; x_wconf 87' lang='lat' dir='ltr'><strong>videlicet,</strong></span> 
     </span>
     <span class='ocr_line' id='line_1_4' title="bbox 391 1274 1445 1364; baseline -0.003 -23"><span class='ocrx_word' id='word_1_21' title='bbox 391 1276 564 1356; x_wconf 82' lang='lat' dir='ltr'><strong>etiorms3</strong></span> <span class='ocrx_word' id='word_1_22' title='bbox 580 1299 622 1341; x_wconf 87' lang='lat' dir='ltr'><strong>ex</strong></span> <span class='ocrx_word' id='word_1_23' title='bbox 638 1276 786 1353; x_wconf 86' lang='lat' dir='ltr'><strong>meterie,</strong></span> <span class='ocrx_word' id='word_1_24' title='bbox 798 1281 835 1341; x_wconf 91' lang='lat' dir='ltr'><strong>ut</strong></span> <span class='ocrx_word' id='word_1_25' title='bbox 851 1279 1090 1364; x_wconf 87' lang='lat' dir='ltr'><strong>euro,ergento</strong></span> <span class='ocrx_word' id='word_1_26' title='bbox 1107 1279 1141 1341; x_wconf 89' lang='lat' dir='ltr'><strong>et</strong></span> <span class='ocrx_word' id='word_1_27' title='bbox 1156 1294 1267 1361; x_wconf 90' lang='lat' dir='ltr'><strong>cupro,</strong></span> <span class='ocrx_word' id='word_1_28' title='bbox 1279 1274 1445 1362; x_wconf 67' lang='lat' dir='ltr'><strong>operando</strong></span> 
     </span>
     <span class='ocr_line' id='line_1_5' title="bbox 391 1377 1445 1466; baseline -0.001 -23"><span class='ocrx_word' id='word_1_29' title='bbox 391 1383 537 1464; x_wconf 79' lang='lat' dir='ltr'><strong>optetur,</strong></span> <span class='ocrx_word' id='word_1_30' title='bbox 553 1384 587 1444; x_wconf 90' lang='lat' dir='ltr'><strong>et</strong></span> <span class='ocrx_word' id='word_1_31' title='bbox 612 1401 653 1445; x_wconf 84' lang='lat' dir='ltr'><strong>ex</strong></span> <span class='ocrx_word' id='word_1_32' title='bbox 677 1380 783 1444; x_wconf 87' lang='lat' dir='ltr'><strong>forme</strong></span> <span class='ocrx_word' id='word_1_33' title='bbox 809 1377 1011 1444; x_wconf 87' lang='lat' dir='ltr'><strong>monetendo</strong></span> <span class='ocrx_word' id='word_1_34' title='bbox 1026 1378 1207 1466; x_wconf 83' lang='lat' dir='ltr'><strong>perficitur,</strong></span> <span class='ocrx_word' id='word_1_35' title='bbox 1222 1383 1262 1444; x_wconf 90' lang='lat' dir='ltr'><strong>ut</strong></span> <span class='ocrx_word' id='word_1_36' title='bbox 1277 1377 1445 1444; x_wconf 70' lang='lat' dir='ltr'><strong>auditione</strong></span> 
     </span>
     <span class='ocr_line' id='line_1_6' title="bbox 391 1479 1446 1566; baseline -0.002 -22"><span class='ocrx_word' id='word_1_37' title='bbox 391 1480 487 1547; x_wconf 89' lang='lat' dir='ltr'><strong>cunei</strong></span> <span class='ocrx_word' id='word_1_38' title='bbox 517 1481 740 1566; x_wconf 83' lang='lat' dir='ltr'><strong>imprimentis</strong></span> <span class='ocrx_word' id='word_1_39' title='bbox 772 1480 911 1544; x_wconf 86' lang='lat' dir='ltr'><strong>formem</strong></span> <span class='ocrx_word' id='word_1_40' title='bbox 949 1485 1091 1546; x_wconf 75' lang='lat' dir='ltr'><strong>monete</strong></span> <span class='ocrx_word' id='word_1_41' title='bbox 1129 1479 1381 1566; x_wconf 84' lang='lat' dir='ltr'><strong>cognoscibilem</strong></span> <span class='ocrx_word' id='word_1_42' title='bbox 1411 1482 1446 1544; x_wconf 94' lang='lat' dir='ltr'><strong>et</strong></span> 
     </span>
     <span class='ocr_line' id='line_1_7' title="bbox 392 1581 1445 1669; baseline 0.002 -23"><span class='ocrx_word' id='word_1_43' title='bbox 392 1581 645 1660; x_wconf 74' lang='lat' dir='ltr'><strong>discernibilem,</strong></span> <span class='ocrx_word' id='word_1_44' title='bbox 660 1605 734 1669; x_wconf 85' lang='lat' dir='ltr'><strong>quae</strong></span> <span class='ocrx_word' id='word_1_45' title='bbox 761 1583 887 1649; x_wconf 89' lang='lat' dir='ltr'><strong>scilicet</strong></span> <span class='ocrx_word' id='word_1_46' title='bbox 912 1582 1027 1660; x_wconf 83' lang='lat' dir='ltr'><strong>forms,</strong></span> <span class='ocrx_word' id='word_1_47' title='bbox 1051 1583 1080 1647; x_wconf 87' lang='lat' dir='ltr'><strong>si</strong></span> <span class='ocrx_word' id='word_1_48' title='bbox 1105 1581 1258 1657; x_wconf 82' lang='lat' dir='ltr'><strong>defuerit,</strong></span> <span class='ocrx_word' id='word_1_49' title='bbox 1274 1602 1445 1666; x_wconf 73' lang='lat' dir='ltr'><strong>nunquam</strong></span> 
     </span>
     <span class='ocr_line' id='line_1_8' title="bbox 392 1689 1444 1778; baseline 0.002 -26"><span class='ocrx_word' id='word_1_50' title='bbox 392 1689 457 1753; x_wconf 91' lang='lat' dir='ltr'><strong>erit</strong></span> <span class='ocrx_word' id='word_1_51' title='bbox 472 1695 623 1770; x_wconf 83' lang='lat' dir='ltr'><strong>monete3</strong></span> <span class='ocrx_word' id='word_1_52' title='bbox 646 1689 732 1756; x_wconf 92' lang='lat' dir='ltr'><strong>sieut</strong></span> <span class='ocrx_word' id='word_1_53' title='bbox 748 1711 822 1754; x_wconf 89' lang='lat' dir='ltr'><strong>cere</strong></span> <span class='ocrx_word' id='word_1_54' title='bbox 844 1711 910 1754; x_wconf 90' lang='lat' dir='ltr'><strong>non</strong></span> <span class='ocrx_word' id='word_1_55' title='bbox 933 1689 1155 1778; x_wconf 74' lang='lat' dir='ltr'><strong>estsigillum</strong></span> <span class='ocrx_word' id='word_1_56' title='bbox 1179 1689 1282 1754; x_wconf 87' lang='lat' dir='ltr'><strong>donec</strong></span> <span class='ocrx_word' id='word_1_57' title='bbox 1309 1689 1444 1774; x_wconf 87' lang='lat' dir='ltr'><strong>impres·</strong></span> 
     </span>
     <span class='ocr_line' id='line_1_9' title="bbox 392 1789 1445 1880; baseline 0.002 -26"><span class='ocrx_word' id='word_1_58' title='bbox 392 1791 517 1857; x_wconf 90' lang='lat' dir='ltr'><strong>sionem</strong></span> <span class='ocrx_word' id='word_1_59' title='bbox 543 1790 659 1857; x_wconf 85' lang='lat' dir='ltr'><strong>formae</strong></span> <span class='ocrx_word' id='word_1_60' title='bbox 684 1791 851 1878; x_wconf 88' lang='lat' dir='ltr'><strong>receperit.</strong></span> <span class='ocrx_word' id='word_1_61' title='bbox 907 1791 997 1858; x_wconf 90' lang='lat' dir='ltr'><strong>Hinc</strong></span> <span class='ocrx_word' id='word_1_62' title='bbox 1027 1792 1132 1880; x_wconf 86' lang='lat' dir='ltr'><strong>igitur</strong></span> <span class='ocrx_word' id='word_1_63' title='bbox 1161 1791 1269 1877; x_wconf 91' lang='lat' dir='ltr'><strong>primo</strong></span> <span class='ocrx_word' id='word_1_64' title='bbox 1299 1789 1339 1854; x_wconf 88' lang='lat' dir='ltr'><strong>de</strong></span> <span class='ocrx_word' id='word_1_65' title='bbox 1371 1811 1445 1878; x_wconf 88' lang='lat' dir='ltr'><strong>eog-</strong></span> 
     </span>
     <span class='ocr_line' id='line_1_10' title="bbox 392 1892 1444 1980; baseline -0.002 -22"><span class='ocrx_word' id='word_1_66' title='bbox 392 1893 519 1958; x_wconf 88' lang='lat' dir='ltr'><strong>nitioue</strong></span> <span class='ocrx_word' id='word_1_67' title='bbox 534 1894 639 1979; x_wconf 89' lang='lat' dir='ltr'><strong>ipsius</strong></span> <span class='ocrx_word' id='word_1_68' title='bbox 654 1893 802 1960; x_wconf 83' lang='lat' dir='ltr'><strong>meteriae</strong></span> <span class='ocrx_word' id='word_1_69' title='bbox 816 1917 822 1973; x_wconf 96' lang='lat'>;</span> <span class='ocrx_word' id='word_1_70' title='bbox 838 1893 982 1960; x_wconf 86' lang='lat' dir='ltr'><strong>secundo</strong></span> <span class='ocrx_word' id='word_1_71' title='bbox 997 1895 1036 1960; x_wconf 88' lang='lat' dir='ltr'><strong>de</strong></span> <span class='ocrx_word' id='word_1_72' title='bbox 1053 1894 1266 1980; x_wconf 79' lang='lat' dir='ltr'><strong>dispositione</strong></span> <span class='ocrx_word' id='word_1_73' title='bbox 1278 1892 1423 1979; x_wconf 85' lang='lat' dir='ltr'><strong>ejusdem</strong></span> <span class='ocrx_word' id='word_1_74' title='bbox 1438 1915 1444 1970; x_wconf 92' lang='lat'>;</span> 
     </span>
     <span class='ocr_line' id='line_1_11' title="bbox 393 1995 1445 2083; baseline -0.002 -23"><span class='ocrx_word' id='word_1_75' title='bbox 393 1995 493 2060; x_wconf 89' lang='lat' dir='ltr'><strong>tertio</strong></span> <span class='ocrx_word' id='word_1_76' title='bbox 516 1995 557 2061; x_wconf 88' lang='lat' dir='ltr'><strong>dc</strong></span> <span class='ocrx_word' id='word_1_77' title='bbox 581 1997 827 2062; x_wconf 74' lang='lat' dir='ltr'><strong>examinatione</strong></span> <span class='ocrx_word' id='word_1_78' title='bbox 844 1996 1006 2074; x_wconf 76' lang='lat' dir='ltr'><strong>faciende,</strong></span> <span class='ocrx_word' id='word_1_79' title='bbox 1029 1995 1204 2083; x_wconf 79' lang='lat' dir='ltr'><strong>specialius</strong></span> <span class='ocrx_word' id='word_1_80' title='bbox 1234 1996 1275 2062; x_wconf 91' lang='lat' dir='ltr'><strong>de</strong></span> <span class='ocrx_word' id='word_1_81' title='bbox 1306 1995 1445 2082; x_wconf 83' lang='lat' dir='ltr'><strong>siugulis</strong></span> 
     </span>
     <span class='ocr_line' id='line_1_12' title="bbox 393 2097 1446 2186; baseline -0.001 -22"><span class='ocrx_word' id='word_1_82' title='bbox 393 2105 443 2164; x_wconf 83' lang='lat' dir='ltr'><strong>est</strong></span> <span class='ocrx_word' id='word_1_83' title='bbox 459 2097 633 2185; x_wconf 85' lang='lat' dir='ltr'><strong>egendum.</strong></span> <span class='ocrx_word' id='word_1_84' title='bbox 668 2099 735 2166; x_wconf 87' lang='lat' dir='ltr'><strong>Sed</strong></span> <span class='ocrx_word' id='word_1_85' title='bbox 751 2121 855 2186; x_wconf 90' lang='lat' dir='ltr'><strong>quum</strong></span> <span class='ocrx_word' id='word_1_86' title='bbox 870 2099 1028 2186; x_wconf 80' lang='lat' dir='ltr'><strong>pleneque</strong></span> <span class='ocrx_word' id='word_1_87' title='bbox 1044 2100 1162 2166; x_wconf 88' lang='lat' dir='ltr'><strong>horum</strong></span> <span class='ocrx_word' id='word_1_88' title='bbox 1178 2099 1214 2164; x_wconf 94' lang='lat' dir='ltr'><strong>in</strong></span> <span class='ocrx_word' id='word_1_89' title='bbox 1230 2098 1320 2164; x_wconf 85' lang='lat' dir='ltr'><strong>fecto</strong></span> <span class='ocrx_word' id='word_1_90' title='bbox 1335 2097 1446 2185; x_wconf 90' lang='lat' dir='ltr'><strong>potius</strong></span> 
     </span>
     <span class='ocr_line' id='line_1_13' title="bbox 393 2199 1447 2286; baseline -0.001 -21"><span class='ocrx_word' id='word_1_91' title='bbox 393 2222 492 2286; x_wconf 85' lang='lat' dir='ltr'><strong>quem</strong></span> <span class='ocrx_word' id='word_1_92' title='bbox 509 2201 545 2265; x_wconf 91' lang='lat' dir='ltr'><strong>in</strong></span> <span class='ocrx_word' id='word_1_93' title='bbox 561 2201 688 2266; x_wconf 85' lang='lat' dir='ltr'><strong>ratione</strong></span> <span class='ocrx_word' id='word_1_94' title='bbox 704 2202 900 2278; x_wconf 83' lang='lat' dir='ltr'><strong>consistunt,</strong></span> <span class='ocrx_word' id='word_1_95' title='bbox 910 2223 985 2286; x_wconf 72' lang='lat' dir='ltr'><strong>quse</strong></span> <span class='ocrx_word' id='word_1_96' title='bbox 1001 2201 1060 2266; x_wconf 86' lang='lat' dir='ltr'><strong>vix</strong></span> <span class='ocrx_word' id='word_1_97' title='bbox 1076 2201 1302 2286; x_wconf 76' lang='lat' dir='ltr'><strong>intelligerent</strong></span> <span class='ocrx_word' id='word_1_98' title='bbox 1317 2199 1447 2286; x_wconf 91' lang='lat' dir='ltr'><strong>eloquio</strong></span> 
     </span>
     <span class='ocr_line' id='line_1_14' title="bbox 392 2301 1448 2396; baseline -0.002 -30"><span class='ocrx_word' id='word_1_99' title='bbox 392 2301 457 2366; x_wconf 91' lang='lat' dir='ltr'><strong>nisi</strong></span> <span class='ocrx_word' id='word_1_100' title='bbox 480 2301 552 2366; x_wconf 84' lang='lat' dir='ltr'><strong>lieri</strong></span> <span class='ocrx_word' id='word_1_101' title='bbox 574 2303 777 2378; x_wconf 89' lang='lat' dir='ltr'><strong>viderentur,</strong></span> <span class='ocrx_word' id='word_1_102' title='bbox 800 2303 921 2368; x_wconf 90' lang='lat' dir='ltr'><strong>idcirco</strong></span> <span class='ocrx_word' id='word_1_103' title='bbox 948 2325 1037 2396; x_wconf 77' lang='lat' dir='ltr'><strong>mee</strong></span> <span class='ocrx_word' id='word_1_104' title='bbox 1051 2303 1209 2390; x_wconf 84' lang='lat' dir='ltr'><strong>dirigitur</strong></span> <span class='ocrx_word' id='word_1_105' title='bbox 1234 2301 1378 2368; x_wconf 90' lang='lat' dir='ltr'><strong>intentio</strong></span> <span class='ocrx_word' id='word_1_106' title='bbox 1404 2301 1448 2365; x_wconf 85' lang='lat' dir='ltr'><strong>ed</strong></span> 
     </span>
     <span class='ocr_line' id='line_1_15' title="bbox 394 2403 1448 2491; baseline -0.002 -21"><span class='ocrx_word' id='word_1_107' title='bbox 394 2427 433 2470; x_wconf 82' lang='lat' dir='ltr'><strong>ee</strong></span> <span class='ocrx_word' id='word_1_108' title='bbox 452 2425 526 2488; x_wconf 81' lang='lat' dir='ltr'><strong>quae</strong></span> <span class='ocrx_word' id='word_1_109' title='bbox 548 2405 581 2468; x_wconf 93' lang='lat' dir='ltr'><strong>in</strong></span> <span class='ocrx_word' id='word_1_110' title='bbox 604 2404 665 2470; x_wconf 87' lang='lat' dir='ltr'><strong>heo</strong></span> <span class='ocrx_word' id='word_1_111' title='bbox 690 2411 785 2491; x_wconf 78' lang='lat' dir='ltr'><strong>perte</strong></span> <span class='ocrx_word' id='word_1_112' title='bbox 812 2410 951 2491; x_wconf 85' lang='lat' dir='ltr'><strong>possunt</strong></span> <span class='ocrx_word' id='word_1_113' title='bbox 978 2404 1121 2472; x_wconf 89' lang='lat' dir='ltr'><strong>discerni</strong></span> <span class='ocrx_word' id='word_1_114' title='bbox 1146 2403 1390 2470; x_wconf 78' lang='lat' dir='ltr'><strong>rationabiliter</strong></span> <span class='ocrx_word' id='word_1_115' title='bbox 1413 2411 1448 2468; x_wconf 89' lang='lat' dir='ltr'><strong>et</strong></span> 
     </span>
     <span class='ocr_line' id='line_1_16' title="bbox 394 2506 532 2572; baseline 0 0"><span class='ocrx_word' id='word_1_116' title='bbox 394 2506 532 2572; x_wconf 89' lang='lat' dir='ltr'><strong>intendi.</strong></span> 
     </span>
    </p>

    <p class='ocr_par' dir='ltr' id='par_1_3' title="bbox 393 2608 1451 4542">
     <span class='ocr_line' id='line_1_17' title="bbox 439 2608 1447 2700; baseline 0.002 -26"><span class='ocrx_word' id='word_1_117' title='bbox 439 2608 594 2695; x_wconf 75' lang='lat' dir='ltr'><strong>cognitio</strong></span> <span class='ocrx_word' id='word_1_118' title='bbox 619 2611 776 2686; x_wconf 73' lang='lat' dir='ltr'><strong>materies,</strong></span> <span class='ocrx_word' id='word_1_119' title='bbox 801 2610 926 2676; x_wconf 88' lang='lat' dir='ltr'><strong>scilicet</strong></span> <span class='ocrx_word' id='word_1_120' title='bbox 950 2612 1034 2687; x_wconf 87' lang='lat' dir='ltr'><strong>euri,</strong></span> <span class='ocrx_word' id='word_1_121' title='bbox 1058 2611 1190 2700; x_wconf 75' lang='lat' dir='ltr'><strong>eugenti</strong></span> <span class='ocrx_word' id='word_1_122' title='bbox 1214 2616 1248 2678; x_wconf 92' lang='lat' dir='ltr'><strong>et</strong></span> <span class='ocrx_word' id='word_1_123' title='bbox 1278 2610 1381 2697; x_wconf 88' lang='lat' dir='ltr'><strong>cupri,</strong></span> <span class='ocrx_word' id='word_1_124' title='bbox 1405 2632 1447 2676; x_wconf 88' lang='lat' dir='ltr'><strong>ex</strong></span> 
     </span>
     <span class='ocr_line' id='line_1_18' title="bbox 393 2712 1447 2806; baseline 0.001 -29"><span class='ocrx_word' id='word_1_125' title='bbox 393 2713 514 2797; x_wconf 89' lang='lat' dir='ltr'><strong>quibus</strong></span> <span class='ocrx_word' id='word_1_126' title='bbox 536 2712 577 2777; x_wconf 91' lang='lat' dir='ltr'><strong>fit</strong></span> <span class='ocrx_word' id='word_1_127' title='bbox 597 2718 739 2790; x_wconf 85' lang='lat' dir='ltr'><strong>monete,</strong></span> <span class='ocrx_word' id='word_1_128' title='bbox 755 2713 898 2779; x_wconf 86' lang='lat' dir='ltr'><strong>hebetur</strong></span> <span class='ocrx_word' id='word_1_129' title='bbox 917 2715 1044 2779; x_wconf 88' lang='lat' dir='ltr'><strong>duobus</strong></span> <span class='ocrx_word' id='word_1_130' title='bbox 1069 2713 1184 2806; x_wconf 83' lang='lat' dir='ltr'><strong>modis,</strong></span> <span class='ocrx_word' id='word_1_131' title='bbox 1200 2714 1365 2790; x_wconf 87' lang='lat' dir='ltr'><strong>videlieet,</strong></span> <span class='ocrx_word' id='word_1_132' title='bbox 1387 2716 1447 2780; x_wconf 80' lang='lat' dir='ltr'><strong>eut</strong></span> 
     </span>
     <span class='ocr_line' id='line_1_19' title="bbox 394 2813 1446 2902; baseline 0.004 -24"><span class='ocrx_word' id='word_1_133' title='bbox 394 2813 609 2881; x_wconf 87' lang='lat' dir='ltr'><strong>discernendo</strong></span> <span class='ocrx_word' id='word_1_134' title='bbox 641 2836 699 2901; x_wconf 90' lang='lat' dir='ltr'><strong>per</strong></span> <span class='ocrx_word' id='word_1_135' title='bbox 729 2815 848 2892; x_wconf 89' lang='lat' dir='ltr'><strong>visum,</strong></span> <span class='ocrx_word' id='word_1_136' title='bbox 872 2823 931 2881; x_wconf 85' lang='lat' dir='ltr'><strong>cut</strong></span> <span class='ocrx_word' id='word_1_137' title='bbox 962 2816 1184 2882; x_wconf 82' lang='lat' dir='ltr'><strong>exeruinendo</strong></span> <span class='ocrx_word' id='word_1_138' title='bbox 1210 2837 1269 2902; x_wconf 91' lang='lat' dir='ltr'><strong>per</strong></span> <span class='ocrx_word' id='word_1_139' title='bbox 1293 2815 1446 2882; x_wconf 80' lang='lat' dir='ltr'><strong>esseium</strong></span> 
     </span>
     <span class='ocr_line' id='line_1_20' title="bbox 394 2915 1447 3003; baseline -0.001 -21"><span class='ocrx_word' id='word_1_140' title='bbox 394 2916 456 2982; x_wconf 88' lang='lat' dir='ltr'><strong>Per</strong></span> <span class='ocrx_word' id='word_1_141' title='bbox 471 2917 581 2982; x_wconf 85' lang='lat' dir='ltr'><strong>visum</strong></span> <span class='ocrx_word' id='word_1_142' title='bbox 605 2915 803 2983; x_wconf 83' lang='lat' dir='ltr'><strong>discernitur</strong></span> <span class='ocrx_word' id='word_1_143' title='bbox 826 2917 943 3003; x_wconf 87' lang='lat' dir='ltr'><strong>primo,</strong></span> <span class='ocrx_word' id='word_1_144' title='bbox 959 2927 1072 2983; x_wconf 88' lang='lat' dir='ltr'><strong>utrum</strong></span> <span class='ocrx_word' id='word_1_145' title='bbox 1098 2917 1143 2984; x_wconf 89' lang='lat' dir='ltr'><strong>sit</strong></span> <span class='ocrx_word' id='word_1_146' title='bbox 1164 2919 1201 2982; x_wconf 91' lang='lat' dir='ltr'><strong>in</strong></span> <span class='ocrx_word' id='word_1_147' title='bbox 1216 2939 1326 2984; x_wconf 82' lang='lat' dir='ltr'><strong>messe</strong></span> <span class='ocrx_word' id='word_1_148' title='bbox 1341 2916 1395 2984; x_wconf 81' lang='lat' dir='ltr'><strong>vel</strong></span> <span class='ocrx_word' id='word_1_149' title='bbox 1411 2916 1447 2982; x_wconf 92' lang='lat' dir='ltr'><strong>in</strong></span> 
     </span>
     <span class='ocr_line' id='line_1_21' title="bbox 393 3019 1448 3104; baseline 0.004 -22"><span class='ocrx_word' id='word_1_150' title='bbox 393 3025 535 3097; x_wconf 85' lang='lat' dir='ltr'><strong>monete,</strong></span> <span class='ocrx_word' id='word_1_151' title='bbox 566 3029 601 3083; x_wconf 89' lang='lat' dir='ltr'><strong>et</strong></span> <span class='ocrx_word' id='word_1_152' title='bbox 631 3019 692 3085; x_wconf 88' lang='lat' dir='ltr'><strong>hoc</strong></span> <span class='ocrx_word' id='word_1_153' title='bbox 724 3019 865 3104; x_wconf 85' lang='lat' dir='ltr'><strong>quilibet</strong></span> <span class='ocrx_word' id='word_1_154' title='bbox 896 3021 1000 3085; x_wconf 91' lang='lat' dir='ltr'><strong>novit.</strong></span> <span class='ocrx_word' id='word_1_155' title='bbox 1062 3019 1225 3097; x_wconf 80' lang='lat' dir='ltr'><strong>Secunde,</strong></span> <span class='ocrx_word' id='word_1_156' title='bbox 1249 3026 1367 3086; x_wconf 88' lang='lat' dir='ltr'><strong>utrum</strong></span> <span class='ocrx_word' id='word_1_157' title='bbox 1402 3019 1448 3086; x_wconf 90' lang='lat' dir='ltr'><strong>sit</strong></span> 
     </span>
     <span class='ocr_line' id='line_1_22' title="bbox 394 3121 1448 3208; baseline -0.001 -21"><span class='ocrx_word' id='word_1_158' title='bbox 394 3142 541 3207; x_wconf 81' lang='lat' dir='ltr'><strong>cuprum,</strong></span> <span class='ocrx_word' id='word_1_159' title='bbox 558 3122 611 3186; x_wconf 89' lang='lat' dir='ltr'><strong>vel</strong></span> <span class='ocrx_word' id='word_1_160' title='bbox 637 3143 766 3199; x_wconf 87' lang='lat' dir='ltr'><strong>eurum,</strong></span> <span class='ocrx_word' id='word_1_161' title='bbox 781 3129 841 3187; x_wconf 86' lang='lat' dir='ltr'><strong>eut</strong></span> <span class='ocrx_word' id='word_1_162' title='bbox 865 3128 1052 3208; x_wconf 77' lang='lat' dir='ltr'><strong>argentum,</strong></span> <span class='ocrx_word' id='word_1_163' title='bbox 1067 3127 1102 3188; x_wconf 91' lang='lat' dir='ltr'><strong>et</strong></span> <span class='ocrx_word' id='word_1_164' title='bbox 1116 3121 1179 3190; x_wconf 92' lang='lat' dir='ltr'><strong>hoc</strong></span> <span class='ocrx_word' id='word_1_165' title='bbox 1199 3121 1323 3189; x_wconf 75' lang='lat' dir='ltr'><strong>etimn²</strong></span> <span class='ocrx_word' id='word_1_166' title='bbox 1350 3121 1448 3188; x_wconf 85' lang='lat' dir='ltr'><strong>multi</strong></span> 
     </span>
     <span class='ocr_line' id='line_1_23' title="bbox 395 3221 1447 3311; baseline 0 -23"><span class='ocrx_word' id='word_1_167' title='bbox 395 3224 512 3288; x_wconf 88' lang='lat' dir='ltr'><strong>sciunt.</strong></span> <span class='ocrx_word' id='word_1_168' title='bbox 559 3221 681 3300; x_wconf 85' lang='lat' dir='ltr'><strong>Terti0,</strong></span> <span class='ocrx_word' id='word_1_169' title='bbox 697 3246 740 3289; x_wconf 85' lang='lat' dir='ltr'><strong>en</strong></span> <span class='ocrx_word' id='word_1_170' title='bbox 766 3224 811 3288; x_wconf 86' lang='lat' dir='ltr'><strong>sit</strong></span> <span class='ocrx_word' id='word_1_171' title='bbox 836 3244 956 3310; x_wconf 89' lang='lat' dir='ltr'><strong>purum</strong></span> <span class='ocrx_word' id='word_1_172' title='bbox 984 3245 1103 3290; x_wconf 83' lang='lat' dir='ltr'><strong>eurum</strong></span> <span class='ocrx_word' id='word_1_173' title='bbox 1119 3224 1172 3290; x_wconf 91' lang='lat' dir='ltr'><strong>vel</strong></span> <span class='ocrx_word' id='word_1_174' title='bbox 1196 3245 1316 3310; x_wconf 89' lang='lat' dir='ltr'><strong>purum</strong></span> <span class='ocrx_word' id='word_1_175' title='bbox 1333 3246 1447 3311; x_wconf 89' lang='lat' dir='ltr'><strong>ergen-</strong></span> 
     </span>
     <span class='ocr_line' id='line_1_24' title="bbox 395 3325 1450 3414; baseline 0.001 -23"><span class='ocrx_word' id='word_1_176' title='bbox 395 3330 476 3403; x_wconf 83' lang='lat' dir='ltr'><strong>turn,</strong></span> <span class='ocrx_word' id='word_1_177' title='bbox 492 3331 552 3390; x_wconf 86' lang='lat' dir='ltr'><strong>eut</strong></span> <span class='ocrx_word' id='word_1_178' title='bbox 575 3326 719 3390; x_wconf 90' lang='lat' dir='ltr'><strong>mixtum</strong></span> <span class='ocrx_word' id='word_1_179' title='bbox 742 3347 815 3391; x_wconf 85' lang='lat' dir='ltr'><strong>cum</strong></span> <span class='ocrx_word' id='word_1_180' title='bbox 841 3325 907 3392; x_wconf 84' lang='lat' dir='ltr'><strong>elio</strong></span> <span class='ocrx_word' id='word_1_181' title='bbox 933 3327 1075 3392; x_wconf 84' lang='lat' dir='ltr'><strong>metelle.</strong></span> <span class='ocrx_word' id='word_1_182' title='bbox 1122 3326 1195 3393; x_wconf 90' lang='lat' dir='ltr'><strong>Hoc</strong></span> <span class='ocrx_word' id='word_1_183' title='bbox 1209 3333 1322 3392; x_wconf 88' lang='lat' dir='ltr'><strong>eutem</strong></span> <span class='ocrx_word' id='word_1_184' title='bbox 1338 3327 1450 3414; x_wconf 86' lang='lat' dir='ltr'><strong>plures</strong></span> 
     </span>
     <span class='ocr_line' id='line_1_25' title="bbox 394 3427 1448 3516; baseline 0.001 -23"><span class='ocrx_word' id='word_1_185' title='bbox 394 3429 559 3515; x_wconf 86' lang='lat' dir='ltr'><strong>ignorent.</strong></span> <span class='ocrx_word' id='word_1_186' title='bbox 618 3427 756 3510; x_wconf 81' lang='lat' dir='ltr'><strong>Quert0,</strong></span> <span class='ocrx_word' id='word_1_187' title='bbox 788 3429 861 3494; x_wconf 88' lang='lat' dir='ltr'><strong>euri</strong></span> <span class='ocrx_word' id='word_1_188' title='bbox 897 3428 951 3494; x_wconf 90' lang='lat' dir='ltr'><strong>vel</strong></span> <span class='ocrx_word' id='word_1_189' title='bbox 986 3429 1115 3515; x_wconf 84' lang='lat' dir='ltr'><strong>argenti</strong></span> <span class='ocrx_word' id='word_1_190' title='bbox 1150 3429 1257 3505; x_wconf 85' lang='lat' dir='ltr'><strong>mixti,</strong></span> <span class='ocrx_word' id='word_1_191' title='bbox 1285 3435 1448 3516; x_wconf 76' lang='lat' dir='ltr'><strong>quantum</strong></span> 
     </span>
     <span class='ocr_line' id='line_1_26' title="bbox 395 3529 1447 3618; baseline 0 -22"><span class='ocrx_word' id='word_1_192' title='bbox 395 3529 553 3617; x_wconf 79' lang='lat' dir='ltr'><strong>quaelibet</strong></span> <span class='ocrx_word' id='word_1_193' title='bbox 567 3550 678 3596; x_wconf 86' lang='lat' dir='ltr'><strong>merce</strong></span> <span class='ocrx_word' id='word_1_194' title='bbox 694 3530 748 3595; x_wconf 88' lang='lat' dir='ltr'><strong>vel</strong></span> <span class='ocrx_word' id='word_1_195' title='bbox 765 3530 851 3595; x_wconf 88' lang='lat' dir='ltr'><strong>libre</strong></span> <span class='ocrx_word' id='word_1_196' title='bbox 873 3529 1000 3596; x_wconf 85' lang='lat' dir='ltr'><strong>metelli</strong></span> <span class='ocrx_word' id='word_1_197' title='bbox 1023 3531 1087 3596; x_wconf 91' lang='lat' dir='ltr'><strong>sibi</strong></span> <span class='ocrx_word' id='word_1_198' title='bbox 1104 3530 1252 3618; x_wconf 72' lang='lat' dir='ltr'><strong>adjuncti</strong></span> <span class='ocrx_word' id='word_1_199' title='bbox 1268 3531 1447 3598; x_wconf 75' lang='lat' dir='ltr'><strong>continent.</strong></span> 
     </span>
     <span class='ocr_line' id='line_1_27' title="bbox 395 3631 1449 3722; baseline 0.003 -24"><span class='ocrx_word' id='word_1_200' title='bbox 395 3633 469 3700; x_wconf 90' lang='lat' dir='ltr'><strong>Hoc</strong></span> <span class='ocrx_word' id='word_1_201' title='bbox 500 3631 561 3698; x_wconf 82' lang='lat' dir='ltr'><strong>soli</strong></span> <span class='ocrx_word' id='word_1_202' title='bbox 591 3634 721 3720; x_wconf 87' lang='lat' dir='ltr'><strong>experti</strong></span> <span class='ocrx_word' id='word_1_203' title='bbox 752 3639 786 3698; x_wconf 90' lang='lat' dir='ltr'><strong>et</strong></span> <span class='ocrx_word' id='word_1_204' title='bbox 824 3655 882 3719; x_wconf 87' lang='lat' dir='ltr'><strong>per</strong></span> <span class='ocrx_word' id='word_1_205' title='bbox 920 3633 1133 3700; x_wconf 86' lang='lat' dir='ltr'><strong>excercitium</strong></span> <span class='ocrx_word' id='word_1_206' title='bbox 1172 3633 1279 3702; x_wconf 86' lang='lat' dir='ltr'><strong>edocti</strong></span> <span class='ocrx_word' id='word_1_207' title='bbox 1310 3641 1449 3722; x_wconf 87' lang='lat' dir='ltr'><strong>possunt</strong></span> 
     </span>
     <span class='ocr_line' id='line_1_28' title="bbox 396 3735 1447 3824; baseline -0.005 -20"><span class='ocrx_word' id='word_1_208' title='bbox 396 3757 594 3824; x_wconf 87' lang='lat' dir='ltr'><strong>cognoscere.</strong></span> <span class='ocrx_word' id='word_1_209' title='bbox 658 3736 918 3822; x_wconf 83' lang='lat' dir='ltr'><strong>Verumptumeu</strong></span> <span class='ocrx_word' id='word_1_210' title='bbox 969 3735 1027 3800; x_wconf 87' lang='lat' dir='ltr'><strong>vix</strong></span> <span class='ocrx_word' id='word_1_211' title='bbox 1069 3737 1242 3802; x_wconf 86' lang='lat' dir='ltr'><strong>invenitur</strong></span> <span class='ocrx_word' id='word_1_212' title='bbox 1274 3737 1447 3824; x_wconf 81' lang='lat' dir='ltr'><strong>quisquam</strong></span> 
     </span>
     <span class='ocr_line' id='line_1_29' title="bbox 395 3838 1447 3926; baseline 0.002 -22"><span class='ocrx_word' id='word_1_213' title='bbox 395 3841 445 3906; x_wconf 85' lang='lat' dir='ltr'><strong>ite</strong></span> <span class='ocrx_word' id='word_1_214' title='bbox 476 3838 639 3926; x_wconf 79' lang='lat' dir='ltr'><strong>perfectus</strong></span> <span class='ocrx_word' id='word_1_215' title='bbox 670 3838 728 3925; x_wconf 91' lang='lat' dir='ltr'><strong>qui</strong></span> <span class='ocrx_word' id='word_1_216' title='bbox 761 3859 828 3902; x_wconf 85' lang='lat' dir='ltr'><strong>non</strong></span> <span class='ocrx_word' id='word_1_217' title='bbox 860 3838 895 3902; x_wconf 91' lang='lat' dir='ltr'><strong>in</strong></span> <span class='ocrx_word' id='word_1_218' title='bbox 926 3839 988 3906; x_wconf 93' lang='lat' dir='ltr'><strong>hoc</strong></span> <span class='ocrx_word' id='word_1_219' title='bbox 1024 3839 1204 3925; x_wconf 89' lang='lat' dir='ltr'><strong>seepissime</strong></span> <span class='ocrx_word' id='word_1_220' title='bbox 1236 3839 1306 3906; x_wconf 87' lang='lat' dir='ltr'><strong>felli</strong></span> <span class='ocrx_word' id='word_1_221' title='bbox 1336 3841 1447 3926; x_wconf 89' lang='lat' dir='ltr'><strong>possit</strong></span> 
     </span>
     <span class='ocr_line' id='line_1_30' title="bbox 397 3941 1443 4030; baseline 0 -23"><span class='ocrx_word' id='word_1_222' title='bbox 397 3941 501 4028; x_wconf 80' lang='lat' dir='ltr'><strong>Signo</strong></span> <span class='ocrx_word' id='word_1_223' title='bbox 517 3963 596 4006; x_wconf 89' lang='lat' dir='ltr'><strong>vero</strong></span> <span class='ocrx_word' id='word_1_224' title='bbox 620 3963 680 4028; x_wconf 87' lang='lat' dir='ltr'><strong>per</strong></span> <span class='ocrx_word' id='word_1_225' title='bbox 703 3962 776 4026; x_wconf 88' lang='lat' dir='ltr'><strong>quae</strong></span> <span class='ocrx_word' id='word_1_226' title='bbox 800 3941 873 4026; x_wconf 88' lang='lat' dir='ltr'><strong>ipse</strong></span> <span class='ocrx_word' id='word_1_227' title='bbox 898 3942 1039 4008; x_wconf 77' lang='lat' dir='ltr'><strong>materie</strong></span> <span class='ocrx_word' id='word_1_228' title='bbox 1061 3942 1106 4008; x_wconf 90' lang='lat' dir='ltr'><strong>sit</strong></span> <span class='ocrx_word' id='word_1_229' title='bbox 1122 3943 1197 4008; x_wconf 90' lang='lat' dir='ltr'><strong>usui</strong></span> <span class='ocrx_word' id='word_1_230' title='bbox 1213 3943 1443 4030; x_wconf 87' lang='lat' dir='ltr'><strong>cognoscibilis</strong></span> 
     </span>
     <span class='ocr_line' id='line_1_31' title="bbox 396 4041 1450 4131; baseline 0.002 -23"><span class='ocrx_word' id='word_1_231' title='bbox 396 4045 457 4108; x_wconf 86' lang='lat' dir='ltr'><strong>vix</strong></span> <span class='ocrx_word' id='word_1_232' title='bbox 468 4044 594 4130; x_wconf 86' lang='lat' dir='ltr'><strong>ebsque</strong></span> <span class='ocrx_word' id='word_1_233' title='bbox 610 4043 788 4110; x_wconf 87' lang='lat' dir='ltr'><strong>excercitio</strong></span> <span class='ocrx_word' id='word_1_234' title='bbox 805 4041 963 4130; x_wconf 71' lang='lat' dir='ltr'><strong>possent³</strong></span> <span class='ocrx_word' id='word_1_235' title='bbox 978 4045 1119 4131; x_wconf 81' lang='lat' dir='ltr'><strong>exprimi</strong></span> <span class='ocrx_word' id='word_1_236' title='bbox 1129 4051 1189 4112; x_wconf 84' lang='lat' dir='ltr'><strong>out</strong></span> <span class='ocrx_word' id='word_1_237' title='bbox 1204 4045 1341 4112; x_wconf 88' lang='lat' dir='ltr'><strong>intendi.</strong></span> <span class='ocrx_word' id='word_1_238' title='bbox 1388 4045 1450 4110; x_wconf 87' lang='lat' dir='ltr'><strong>Per</strong></span> 
     </span>
     <span class='ocr_line' id='line_1_32' title="bbox 397 4145 1449 4238; baseline 0.001 -25"><span class='ocrx_word' id='word_1_239' title='bbox 397 4146 676 4214; x_wconf 77' lang='lat' dir='ltr'><strong>examinationem</strong></span> <span class='ocrx_word' id='word_1_240' title='bbox 698 4145 841 4212; x_wconf 86' lang='lat' dir='ltr'><strong>hebetur</strong></span> <span class='ocrx_word' id='word_1_241' title='bbox 856 4152 947 4213; x_wconf 87' lang='lat' dir='ltr'><strong>certe</strong></span> <span class='ocrx_word' id='word_1_242' title='bbox 973 4148 1047 4214; x_wconf 84' lang='lat' dir='ltr'><strong>euri</strong></span> <span class='ocrx_word' id='word_1_243' title='bbox 1073 4154 1108 4214; x_wconf 92' lang='lat' dir='ltr'><strong>et</strong></span> <span class='ocrx_word' id='word_1_244' title='bbox 1131 4148 1261 4235; x_wconf 86' lang='lat' dir='ltr'><strong>ergeuti</strong></span> <span class='ocrx_word' id='word_1_245' title='bbox 1286 4148 1449 4238; x_wconf 88' lang='lat' dir='ltr'><strong>cognitio;</strong></span> 
     </span>
     <span class='ocr_line' id='line_1_33' title="bbox 398 4248 1450 4336; baseline 0.005 -22"><span class='ocrx_word' id='word_1_246' title='bbox 398 4255 649 4336; x_wconf 74' lang='lat' dir='ltr'><strong>verumptamen</strong></span> <span class='ocrx_word' id='word_1_247' title='bbox 676 4248 764 4313; x_wconf 85' lang='lat' dir='ltr'><strong>inter</strong></span> <span class='ocrx_word' id='word_1_248' title='bbox 787 4248 999 4314; x_wconf 75' lang='lat' dir='ltr'><strong>multimodas</strong></span> <span class='ocrx_word' id='word_1_249' title='bbox 1025 4250 1287 4322; x_wconf 77' lang='lat' dir='ltr'><strong>examinationes</strong></span> <span class='ocrx_word' id='word_1_250' title='bbox 1310 4273 1450 4318; x_wconf 72' lang='lat' dir='ltr'><strong>examen</strong></span> 
     </span>
     <span class='ocr_line' id='line_1_34' title="bbox 398 4352 1451 4444; baseline 0.002 -26"><span class='ocrx_word' id='word_1_251' title='bbox 398 4373 458 4438; x_wconf 86' lang='lat' dir='ltr'><strong>per</strong></span> <span class='ocrx_word' id='word_1_252' title='bbox 484 4353 628 4418; x_wconf 83' lang='lat' dir='ltr'><strong>esseium</strong></span> <span class='ocrx_word' id='word_1_253' title='bbox 655 4352 779 4417; x_wconf 85' lang='lat' dir='ltr'><strong>certius</strong></span> <span class='ocrx_word' id='word_1_254' title='bbox 811 4358 995 4439; x_wconf 83' lang='lat' dir='ltr'><strong>reputetur,</strong></span> <span class='ocrx_word' id='word_1_255' title='bbox 1021 4353 1116 4439; x_wconf 86' lang='lat' dir='ltr'><strong>cujus</strong></span> <span class='ocrx_word' id='word_1_256' title='bbox 1149 4359 1240 4421; x_wconf 85' lang='lat' dir='ltr'><strong>certe</strong></span> <span class='ocrx_word' id='word_1_257' title='bbox 1270 4355 1366 4444; x_wconf 81' lang='lat' dir='ltr'><strong>signe</strong></span> <span class='ocrx_word' id='word_1_258' title='bbox 1390 4355 1451 4420; x_wconf 86' lang='lat' dir='ltr'><strong>vix</strong></span> 
     </span>
     <span class='ocr_line' id='line_1_35' title="bbox 399 4455 1451 4542; baseline 0.001 -21"><span class='ocrx_word' id='word_1_259' title='bbox 399 4457 574 4542; x_wconf 77' lang='lat' dir='ltr'><strong>quisquam</strong></span> <span class='ocrx_word' id='word_1_260' title='bbox 598 4475 730 4521; x_wconf 87' lang='lat' dir='ltr'><strong>nosoere</strong></span> <span class='ocrx_word' id='word_1_261' title='bbox 757 4455 880 4542; x_wconf 87' lang='lat' dir='ltr'><strong>poterit</strong></span> <span class='ocrx_word' id='word_1_262' title='bbox 906 4456 971 4521; x_wconf 88' lang='lat' dir='ltr'><strong>nisi</strong></span> <span class='ocrx_word' id='word_1_263' title='bbox 997 4477 1056 4542; x_wconf 88' lang='lat' dir='ltr'><strong>per</strong></span> <span class='ocrx_word' id='word_1_264' title='bbox 1081 4457 1294 4524; x_wconf 87' lang='lat' dir='ltr'><strong>excercitium</strong></span> <span class='ocrx_word' id='word_1_265' title='bbox 1317 4457 1451 4526; x_wconf 78' lang='lat' dir='ltr'><strong>artificii</strong></span> 
     </span>
    </p>
   </div>
   <div class='ocr_carea' id='block_1_3' title="bbox 430 4739 1309 4885">
    <p class='ocr_par' dir='ltr' id='par_1_4' title="bbox 430 4739 1309 4885">
     <span class='ocr_line' id='line_1_36' title="bbox 433 4739 1309 4820; baseline 0.001 -27"><span class='ocrx_word' id='word_1_266' title='bbox 433 4741 440 4773; x_wconf 90' lang='lat'>¹</span> <span class='ocrx_word' id='word_1_267' title='bbox 450 4739 632 4806; x_wconf 76' lang='lat' dir='ltr'><strong>proelitsrotis,</strong></span> <span class='ocrx_word' id='word_1_268' title='bbox 645 4741 700 4790; x_wconf 86' lang='lat' dir='ltr'><strong>MS.</strong></span> <span class='ocrx_word' id='word_1_269' title='bbox 715 4741 818 4793; x_wconf 81' lang='lat' dir='ltr'><strong>Cotton.</strong></span> <span class='ocrx_word' id='word_1_270' title='bbox 921 4754 926 4820; x_wconf 72' lang='grc' dir='ltr'>Ι</span> <span class='ocrx_word' id='word_1_271' title='bbox 983 4741 995 4775; x_wconf 79' lang='lat'>⁸</span> <span class='ocrx_word' id='word_1_272' title='bbox 1005 4749 1124 4808; x_wconf 76' lang='lat' dir='ltr'><strong>poscent,</strong></span> <span class='ocrx_word' id='word_1_273' title='bbox 1136 4744 1193 4796; x_wconf 81' lang='lat' dir='ltr'><strong>MS.</strong></span> <span class='ocrx_word' id='word_1_274' title='bbox 1206 4746 1309 4796; x_wconf 82' lang='lat' dir='ltr'><strong>Cotton.</strong></span> 
     </span>
     <span class='ocr_line' id='line_1_37' title="bbox 430 4820 926 4885; baseline -0.006 -13"><span class='ocrx_word' id='word_1_275' title='bbox 430 4820 511 4874; x_wconf 67' lang='lat' dir='ltr'><strong>²MS·</strong></span> <span class='ocrx_word' id='word_1_276' title='bbox 524 4821 629 4874; x_wconf 81' lang='lat' dir='ltr'><strong>Cotton.</strong></span> <span class='ocrx_word' id='word_1_277' title='bbox 641 4820 718 4870; x_wconf 82' lang='lat' dir='ltr'><strong>omits</strong></span> <span class='ocrx_word' id='word_1_278' title='bbox 729 4821 812 4870; x_wconf 64' lang='lat' dir='ltr'><strong>ceam.</strong></span> <span class='ocrx_word' id='word_1_279' title='bbox 921 4823 926 4885; x_wconf 76' lang='grc' dir='ltr'>Ι</span> 
     </span>
    </p>
   </div>
   <div class='ocr_carea' id='block_1_4' title="bbox 0 0 1789 5754">
    <p class='ocr_par' dir='ltr' id='par_1_5' title="bbox 0 0 1789 5754">
     <span class='ocr_line' id='line_1_38' title="bbox 0 0 1789 5754; baseline 0 0"><span class='ocrx_word' id='word_1_280' title='bbox 0 0 1789 5754; x_wconf 95' lang='lat' dir='ltr'><strong> </strong></span> 
     </span>
    </p>
   </div>
  </div>
 </body>
</html>
