3584 5746
391 849 456 922 830
646 865 908 922 sinuessanus
931 865 977 920 aa
1001 865 1196 925 scaccario.

222 1155 288 1205 au.
304 1155 375 1206 12⁷5.
437 1143 524 1210 PRO
556 1143 676 1210 REGE
710 1143 770 1210 DF}
802 1141 1138 1209 PRAEROGATIVA
1169 1140 1304 1206 REGIS
1335 1140 1399 1206 AD

615 1245 914 1312 LEVATIONEM
944 1245 1222 1310 DEBITORUM.

241 1394 288 1443 uo.
301 1395 357 1443 2⁴⁵·
437 1387 629 1464 Edwardus,
661 1385 725 1451 Dei
766 1385 885 1475 gratia,
926 1393 996 1463 ete„
1037 1384 1201 1451 Willelmo
1240 1383 1444 1472 Attelberge,

392 1488 559 1554 Canonico
583 1487 764 1566 Lichefeld,
791 1488 1013 1553 commissario
1037 1481 1270 1553 Archidiacoui
1296 1485 1443 1564 Gestriae,

398 1591 550 1657 salutem.
606 1591 701 1657 Inter
731 1613 770 1656 ea
800 1611 876 1677 quae
886 1591 1013 1676 regiam
1041 1591 1241 1677 dignitatem
1269 1594 1442 1665 exornant,

391 1695 447 1760 illa
480 1695 682 1760 consuetudo
709 1694 856 1780 amiqua,
871 1701 984 1759 nostro
1011 1699 1046 1759 et
1073 1693 1344 1780 predecessorum
1368 1713 1442 1758 nos-

391 1801 519 1864 trorum
549 1797 752 1884 temporibus
782 1797 909 1862 usitata
931 1797 980 1862 ita
1011 1817 1071 1861 nos
1100 1802 1273 1883 praerogat,
1304 1795 1393 1882 quod
1423 1817 1444 1860 a

391 1900 652 1987 quibuscumque
682 1899 886 1964 debitoribus
917 1899 1039 1964 nostris
1070 1906 1150 1964 sunt
1183 1899 1296 1964 debita
1329 1902 1443 1963 nostra

391 2001 540 2078 levanda,
555 2008 589 2068 et
614 2002 654 2066 de
679 2002 773 2066 bonis
796 2023 908 2067 eorum
931 2001 1098 2077 solvenda,
1114 2001 1305 2088 priusquam
1329 2022 1441 2066 eorum

390 2105 608 2170 creditoribus
623 2104 772 2170 satisfiat.
819 2101 903 2168 Ourn
920 2104 1025 2188 igitur
1045 2103 1160 2168 Simon
1184 2102 1225 2167 de
1250 2101 1442 2168 Pateshulle

390 2206 485 2272 nobis
513 2207 547 2270 in
573 2206 711 2271 diversis
736 2204 857 2270 debitis
885 2210 1044 2280 teneatur,
1073 2209 1207 2292 propior
1233 2227 1307 2291 quae
1331 2205 1443 2270 omnia

319 2315 321 2320 '
390 2307 477 2372 bona
516 2312 551 2374 et
590 2307 710 2374 catalla
749 2331 823 2395 quae
862 2308 981 2373 habuit
1019 2308 1151 2394 quando
1189 2306 1337 2384 decessit,
1375 2307 1442 2372 illis

390 2409 567 2475 dumtaxat
584 2411 730 2496 exceptis
743 2431 816 2496 quae
828 2410 914 2476 eirca
925 2407 1027 2474 funus
1038 2408 1186 2474 defuncti
1198 2407 1443 2474 rationabiliter

390 2517 529 2597 possunt
558 2511 686 2592 deduci,
711 2513 859 2599 obligata
885 2512 981 2577 nobis
1011 2512 1160 2577 existant
1186 2516 1220 2576 et
1251 2511 1442 2576 nullalenus

389 2613 528 2680 distrahi
546 2614 688 2680 debeant
712 2615 888 2701 quominus
907 2615 1036 2702 integre
1060 2614 1174 2679 debite
1191 2619 1306 2680 nostra
1327 2636 1440 2701 possu-

391 2737 464 2782 mus
487 2717 627 2797 habere;
653 2722 688 2782 et
711 2717 870 2804 Magister
896 2716 1082 2781 ll'illelmus
1107 2715 1147 2780 de
1168 2716 1441 2802 Wymundeham,

390 2840 451 2906 pro
467 2820 607 2906 quodam
622 2820 735 2886 debito
745 2820 833 2906 quod
845 2819 930 2884 idem
945 2819 1061 2884 Simon
1071 2819 1101 2884 ei
1112 2818 1237 2895 debuit,
1250 2825 1442 2885 executores

390 2925 582 2990 testamenti
598 2924 747 3010 praedicti
764 2921 930 2988 Simonis¹
955 2922 1068 2988 trahat
1090 2923 1127 2986 in
1149 2921 1309 3009 placitum
1333 2941 1440 2988 coram

388 3027 491 3105 vobis,
518 3033 558 3091 ut
588 3027 719 3092 dicitur.
766 3026 868 3094 Vobis
899 3025 1104 3112 prohibendo
1135 3026 1330 3090 mandamus
1361 3047 1441 3112 qua·

389 3131 524 3216 [tenus]‚
547 3130 576 3194 si
600 3134 650 3194 est
681 3130 740 3206 ita,
762 3129 864 3194 nichil
890 3134 1006 3194 contra
1032 3127 1163 3193 eosdem
1190 3134 1381 3194 executores
1405 3128 1440 3191 in

388 3231 547 3319 praedicto
578 3231 701 3318 placito
731 3231 940 3318 attemptetis
967 3251 1026 3316 per
1057 3230 1144 3316 quod
1171 3218 1330 3317 praedicta
1353 3230 1441 3295 bona

389 3334 600 3420 aliquatenus
627 3335 832 3412 minuantur,
847 3334 934 3398 sicut
960 3331 1055 3397 nobis
1080 3332 1313 3419 praejudicium
1341 3355 1439 3419 gene-

388 3442 498 3516 retur3
534 3442 585 3502 set
608 3436 776 3524 patienter
805 3435 997 3501 sustineatis
1028 3457 1132 3520 usque
1163 3435 1206 3499 ad
1239 3434 1441 3521 quindenam

388 3523 503 3605 Sancti
529 3539 701 3605 Michaelis
723 3540 877 3627 proximo
899 3537 1019 3614 futuri,
1040 3537 1140 3603 iidem
1164 3537 1378 3603 executores²
1401 3538 1441 3603 de

387 3643 485 3708 dictis
512 3641 633 3708 debitis
659 3642 754 3708 nobis
785 3641 931 3729 plenarie
958 3640 1167 3706 satisfaciant
1194 3647 1234 3705 ut
1264 3639 1443 3706 tenentur.³

387 3744 484 3810 Teste
510 3745 541 3810 J.
567 3745 608 3809 de
636 3744 758 3810 Sancto
785 3743 955 3823 WalericO,
982 3742 1073 3830 apud
1101 3741 1442 3822 westmonasterium,

388 3848 460 3936 xxij
478 3849 532 3914 die
547 3847 569 3912 J
571 3848 651 3926 unii,
667 3870 755 3914 anno
770 3847 864 3934 regni
880 3847 985 3912 nostri
1002 3846 1109 3912 tertio.

1353 3977 1434 3984 ——-

420 4041 427 4073 ¹
437 4040 558 4104 predicti
602 4040 712 4092 Simonis
749 4039 771 4089 is
803 4037 892 4106 {mter-
967 4037 1441 4092 ²iidemexecutoreslsinterlineated.

385 4119 504 4170 lineated.
965 4116 1016 4168 ’at
1029 4123 1144 4170 teneatur
1155 4118 1178 4169 ia
1189 4116 1372 4170 interlincated.
