3598 5752
389 871 476 936 1016
642 887 745 936 ursan
768 887 906 938 auarus
928 887 975 936 nu
997 885 1193 936 sciocanro.

216 1089 286 1140 Au).
301 1091 373 1142 lass.
390 1073 549 1140 clamavit
569 1074 610 1140 de
631 1095 666 1140 se
686 1079 721 1140 et
741 1073 927 1140 haeredibus
947 1075 1016 1138 suis
1031 1073 1189 1160 predicto
1204 1073 1337 1138 domino
1352 1071 1438 1160 Regi·

391 1181 426 1240 et
450 1177 638 1242 haeredibus
662 1175 771 1256 suis31
794 1181 829 1241 et
852 1183 978 1242 cartam
1005 1175 1097 1242 illam
1120 1175 1277 1241 liberavit
1298 1174 1438 1262 prefato

392 1277 553 1365 Episcopo
569 1277 798 1356 Dunolmensi,
813 1278 871 1362 qui
893 1299 964 1342 cum
983 1277 1096 1342 eadem
1114 1277 1223 1342 adivit
1246 1276 1438 1364 pradictum

393 1379 602 1444 Comitissam
614 1379 977 1468 adconsiguaudam,et
985 1384 1100 1464 postea
1109 1379 1292 1465 reportavit
1303 1378 1438 1444 eandem

391 1489 517 1546 cartam
533 1483 597 1570 ipsi
610 1481 758 1546 Waltem
773 1481 883 1568 sigillo
893 1481 1059 1568 praedicta
1071 1481 1255 1546 Comitissae
1266 1481 1438 1567 signatam.

392 1585 436 1650 Et
448 1585 530 1650 dicit
545 1583 633 1669 quod
643 1589 765 1671 postea,
777 1581 909 1669 quando
921 1581 1081 1670 praefatus
1091 1583 1271 1670 Episcopus
1280 1581 1438 1648 Duuolm-

391 1687 478 1750 ensis
501 1687 685 1752 retornavit
699 1685 742 1750 ad
766 1683 958 1770 praedictam
974 1682 1185 1748 Comitissam
1208 1683 1249 1748 ad
1273 1683 1439 1748 licentiam

391 1807 483 1852 suam
500 1787 540 1851 de
555 1810 595 1852 ea
609 1787 813 1874 capiendam,
828 1785 898 1870 ipse
917 1783 1082 1850 Walterus
1096 1805 1170 1850 cum
1189 1783 1330 1871 praefato
1346 1783 1438 1870 Epis·

390 1909 471 1974 copo
486 1889 628 1955 intravit
643 1909 804 1954 cameram
821 1886 880 1950 ubi
895 1885 1034 1972 praelata
1044 1883 1220 1952 comitissa
1231 1885 1347 1972 jacuit,
1355 1885 1440 1952 circa

391 1990 506 2056 horam
522 1991 665 2068 tertiam,
682 1995 717 2056 et
732 1987 863 2056 audivit
878 2009 949 2052 eam
973 1987 1162 2072 loquentem
1184 2009 1259 2054 eum
1282 1987 1439 2074 predicto

392 2091 560 2178 Episcopo.

746 2193 1080 2202 ——--—·—-.--——-.

436 2327 553 2392 Frater
568 2325 750 2394 Willelmus
766 2329 807 2393 de
817 2326 1080 2414 Gaynesburgho
1090 2327 1173 2392 dicit
1187 2327 1275 2413 quod
1291 2327 1362 2413 ipse
1373 2325 1440 2390 fuit

391 2429 556 2496 confessor
585 2431 751 2515 praedietae
775 2411 959 2494 Comitis'sae
983 2450 1043 2514 per
1065 2433 1208 2515 quatuor
1233 2450 1337 2494 annos
1363 2433 1440 2492 aute

391 2537 529 2595 mortem
561 2552 665 2608 suam,
696 2538 731 2595 et
761 2530 848 2616 quod
879 2530 949 2616 ipse
980 2529 1022 2594 ad
1054 2529 1248 2595 mandatum
1274 2529 1441 2616 praedietae

392 2631 576 2697 Comitissae
588 2633 682 2696 veuit
697 2632 737 2694 ad
755 2631 922 2716 quoddam
938 2631 1122 2696 manerium
1139 2631 1179 2696 de
1190 2629 1332 2697 Suttone
1348 2635 1442 2696 extra

390 2731 560 2810 Dertford‚
577 2732 635 2796 ubi
651 2733 764 2796 eadem
781 2730 959 2797 Comitissa
974 2731 1009 2794 iu
1023 2731 1186 2796 veniendo
1202 2733 1243 2797 de
1260 2729 1442 2798 Cantuan'a

391 2835 479 2922 oepit
494 2834 678 2914 infirmari3
701 2840 735 2898 et
751 2833 876 2898 sicfuit
897 2833 1052 2899 continue
1076 2855 1148 2899 cum
1173 2835 1286 2899 eadem
1310 2833 1441 2913 ibidem,

391 2943 426 3003 et
444 2937 534 3022 apud
551 2935 759 3012 Stokewelle,
775 2957 878 3020 usque
901 2935 943 3000 ad
967 2943 1108 3001 mortem
1127 2937 1224 3001 dicta
1247 2935 1438 3002 Comitissae.

393 3039 436 3104 Et
463 3039 545 3103 dicit
569 3039 656 3124 quod
676 3038 744 3104 fuit
761 3059 904 3125 praesens
927 3037 1085 3124 praedicto
1108 3038 1162 3103 die
1183 3037 1287 3103 Luuae
1309 3037 1442 3123 quaudo

392 3141 569 3226 praedictus
592 3139 772 3226 Episcopus
791 3139 1025 3205 Dunolmeusis
1048 3140 1144 3204 venit
1164 3139 1206 3205 ad
1230 3139 1441 3206 Comitissam

392 3244 482 3328 apud
498 3241 707 3317 Stokewelle,
723 3247 757 3307 et
772 3240 860 3306 vidit
883 3246 918 3306 et
932 3241 1064 3306 audivit
1079 3241 1138 3306 ubi
1153 3241 1332 3328 praedictus
1348 3241 1442 3328 Epis-

393 3365 494 3431 copus
508 3343 670 3408 allocutus
684 3342 752 3406 fuit
767 3342 902 3407 eandem
926 3363 1023 3428 super
1046 3343 1187 3428 quadam
1211 3343 1442 3430 prolocutione

394 3447 481 3510 inter
496 3444 666 3509 dominum
686 3445 809 3531 Regem
830 3451 864 3510 et
887 3445 992 3530 ipsam
1016 3446 1109 3530 prius
1132 3445 1308 3510 habitudo
1329 3445 1443 3510 Insula

277 3571 300 3605 0.
347 3592 353 3605 .
394 3549 434 3613 de
451 3545 587 3634 Wyght,
603 3547 757 3610 maneriis
774 3546 814 3610 de
828 3545 1068 3612 Cristechirehe
1083 3551 1117 3611 et
1130 3545 1351 3612 Faukeshalle
1367 3569 1440 3613 cum

393 3649 610 3737 pertinentiis.
658 3647 702 3712 Et
725 3649 880 3733 quaesivit
902 3649 945 3712 ab
968 3648 1082 3714 eadem
1105 3647 1133 3712 si
1157 3650 1281 3714 adtunc
1299 3657 1386 3716 esset
1407 3651 1442 3714 iu

393 3752 504 3816 eadem
523 3750 696 3815 voluntate
711 3749 870 3814 reddendi
879 3749 1071 3834 praedictam
1086 3749 1233 3815 Insulam
1249 3755 1284 3815 et
1298 3751 1441 3816 maneria

394 3852 527 3916 ‹lomiuo
553 3851 636 3936 Regi
662 3851 747 3915 sicut
771 3857 870 3916 autea
894 3850 1110 3937 praelocutum
1135 3850 1217 3916 fuit:
1252 3873 1326 3938 qua
1355 3853 1444 3918 dixit

395 3951 482 4038 quod
498 3952 552 4016 sic.
599 3951 746 4030 Quaesita
762 3952 860 4017 etiam
878 3973 937 4036 per
959 3951 1068 4038 ipsum
1085 3951 1283 4038 Episcopum
1299 3955 1327 4018 si
1344 3953 1444 4018 vellet

394 4053 483 4139 quod
499 4057 589 4118 carta
604 4052 681 4116 inde
697 4052 801 4130 fieret,
812 4051 900 4116 dixit
915 4052 1003 4136 quod
1019 4051 1072 4117 sio.
1118 4053 1163 4117 Et
1178 4054 1443 4140 tuucpraedictus

395 4154 576 4241 Episcopus
591 4153 670 4218 fecit
685 4153 877 4240 praedictum
894 4152 1079 4218 Walterum
1095 4154 1236 4220 scribere
1252 4157 1442 4241 praedictam

394 4262 535 4320 cartam:
574 4277 640 4340 qua
670 4255 800 4340 scripta,
831 4255 918 4318 idem
949 4253 1129 4341 Episcopus
1158 4258 1344 4342 reportavit
1373 4279 1444 4323 eam

394 4383 504 4428 coram
532 4361 646 4426 eedem
674 4359 860 4438 Comitissa,
877 4369 912 4424 et
938 4381 1009 4424 eam
1037 4381 1145 4425 coram
1170 4362 1244 4448 ipsa
1269 4361 1445 4428 Gomitissa

394 4465 431 4528 in
446 4464 623 4550 praesentia
638 4464 741 4548 ipsius
757 4463 872 4528 fratris
888 4461 1055 4540 willelmi,
1072 4463 1214 4529 Gilberti
1226 4465 1267 4530 do
1280 4467 1445 4544 Kuoville,

395 4566 539 4632 Galfridi
571 4565 739 4652 Capellani
780 4567 847 4648 (hic
877 4565 959 4630 dicit
986 4569 1025 4630 ut
1055 4565 1201 4646 credit2),
1232 4568 1374 4654 Agnetis
1403 4570 1444 4634 de

405 4681 762 4689 -—--—--·-—--—————
785 4682 950 4690 Ἦ..
965 4683 971 4688 -
1025 4683 1105 4688 ----.
1193 4684 1412 4694 -—....--..-

430 4731 437 4763 ¹
447 4732 671 4796 predicto—tais
720 4729 895 4781 interlineated
916 4741 921 4874 p
976 4731 1443 4788 2lic-creditinterlineatedinlts.

395 4811 422 4862 in
434 4811 490 4860 MS.
