3584 5746
414 885 479 948 824
673 899 774 948 trena
796 897 997 948 rursusne
1020 897 1216 946 sciccuero.

659 1086 796 1149 Bnavra
820 1102 866 1150 nn
889 1084 1225 1149 Permanere-cont.

413 1197 605 1264 citationem
632 1197 752 1276 fuerat,
774 1199 977 1278 revocanda;
1000 1219 1067 1285 qua
1091 1197 1223 1283 quidem
1252 1196 1464 1262 immunitate

412 1322 456 1366 ex
479 1301 575 1388 regie,
594 1299 758 1386 dignitate
783 1307 817 1366 et
842 1301 981 1386 antiqua
1007 1299 1247 1365 consuetudine
1273 1298 1464 1384 approbata,

412 1402 513 1468 iidem
528 1402 673 1470 ministri
689 1408 850 1469 eteorum
867 1403 1121 1488 praedecessores
1136 1401 1340 1488 temporibus
1361 1405 1464 1466 retm-

413 1505 497 1570 actis
527 1505 688 1570 hactenus
714 1506 931 1593 probabiliter
960 1507 1012 1571 usi
1035 1511 1114 1571 sunt
1137 1510 1172 1571 et
1194 1503 1309 1592 gavisi.
1351 1511 1400 1570 Ac
1422 1527 1465 1570 ex

413 1607 522 1673 relatu
537 1608 684 1694 plurium
694 1609 765 1694 jam
781 1610 966 1695 accepimus
982 1609 1070 1694 quod
1091 1607 1201 1686 talem,
1217 1611 1287 1684 etc,
1301 1607 1464 1684 clericum,

412 1711 470 1796 qui
494 1731 515 1776 a
539 1711 682 1776 crastino
703 1712 817 1777 Sancti
843 1710 1022 1788 Michaelis,
1045 1713 1179 1797 quando
1204 1710 1351 1776 ministri
1383 1710 1464 1776 dicti

412 1813 574 1880 Soaccarii
603 1835 663 1902 pro
693 1815 835 1902 negotiis
867 1814 990 1879 nostris
1021 1819 1056 1880 et
1086 1814 1201 1901 populi
1228 1815 1322 1899 regni
1348 1814 1464 1890 nostri,

411 1921 511 2003 prout
540 1917 642 1982 moris
673 1923 733 1994 est,
762 1917 886 1983 ibidem
918 1917 1133 2003 expediendis
1163 1922 1397 1994 convenerunt,
1429 1917 1463 1980 in

411 2019 500 2084 dicto
515 2018 685 2086 Scaecario
701 2019 823 2086 nostris
839 2019 982 2106 negotiis
1004 2019 1209 2098 intendebat,
1224 2024 1259 2084 et
1281 2018 1391 2085 adhuc
1413 2025 1464 2084 est

410 2122 595 2199 intendens,
625 2122 720 2188 citari
755 2121 881 2188 fecistis
917 2127 993 2208 post
1030 2122 1156 2188 dictum
1191 2121 1315 2187 festum
1348 2121 1461 2187 Sancti

411 2223 582 2289 Michaelis
605 2223 646 2288 de
669 2223 885 2309 coniparendo
908 2244 1018 2290 coram
1034 2223 1130 2290 vobis
1152 2224 1251 2311 apud,
1267 2229 1327 2289 etc.
1345 2224 1463 2309 ipsum,

410 2333 526 2413 aperto
536 2324 704 2391 Seaceario
714 2326 880 2412 praedicto,
890 2325 1053 2392 trahendo
1064 2326 1100 2390 in
1112 2325 1331 2411 placitum,in
1341 2333 1463 2390 nostrae

410 2428 585 2516 dignitatis
608 2429 707 2514 regiae
731 2428 907 2506 laesionem,
923 2435 956 2493 et
975 2429 1220 2513 derogationem
1238 2429 1462 2493 immunitatis

409 2531 637 2596 ministrorum
648 2536 837 2596 nostrorum
855 2530 1015 2596 Scaccarii
1032 2530 1191 2616 praedicti,
1204 2535 1238 2593 et
1249 2529 1330 2594 dicti
1343 2530 1462 2608 clerici,

409 2637 467 2698 etc.
484 2632 691 2719 dispendium
717 2653 783 2697 non
799 2633 962 2699 modicum
981 2637 1015 2697 et
1030 2654 1218 2718 gravamen.
1260 2631 1364 2697 Vobis
1387 2655 1460 2718 pro-

409 2736 561 2802 hibemus
575 2758 617 2801 ne
632 2735 793 2822 placitum
808 2733 1009 2820 hujusmodi,
1023 2740 1139 2821 aperto
1152 2735 1324 2802 Seaccario
1337 2740 1458 2811 nostro,

410 2837 568 2916 teneatis;
591 2836 694 2904 nichil
717 2837 753 2901 in
775 2837 951 2923 dignitatis
967 2841 1089 2902 nostrae
1105 2835 1281 2912 lesionem,
1298 2841 1332 2901 et
1347 2841 1462 2902 contra

409 2940 681 3005 consuetudinem
697 2939 888 3026 praedictam
912 2944 946 3005 et
970 2939 1214 3025 derogationem
1238 2939 1462 3004 immunitatis

409 3047 620 3112 ministerum
637 3046 871 3132 praedictorum
887 3045 923 3109 in
938 3046 1001 3111 hac
1021 3052 1116 3132 parte
1140 3051 1388 3131 attemptantes,
1404 3067 1460 3109 seu

409 3148 639 3233 permittentes
648 3146 838 3232 aliqualiter
846 3147 1049 3234 attemptari.
1073 3148 1118 3211 Et
1127 3149 1463 3233 processum,siquem

410 3249 665 3316 contradictum
681 3249 873 3314 ministrum
888 3255 1050 3326 nostrum,
1064 3255 1105 3315 ut
1127 3249 1352 3336 praemittitur,
1376 3249 1460 3316 fece·

411 3353 494 3430 ritis,
509 3353 580 3418 sine
596 3374 697 3418 morae
713 3352 886 3438 dispendio
907 3353 1081 3419 revocatis.
1127 3353 1238 3432 Testa,
1253 3358 1315 3420 etc

239 3524 395 3665 Αῇῗέἒὲὃ
458 3580 649 3655 Edwardua
661 3579 724 3644 Dei
736 3581 855 3666 gratia,
865 3579 937 3644 Rex
950 3580 1090 3666 Angliae,
1106 3579 1268 3646 Dominus
1284 3579 1463 3658 Hiberniae,

237 3682 261 3730 ³¹¹
278 3681 386 3746 margin.
412 3689 446 3750 et
469 3684 549 3749 Dux
574 3683 776 3768 Aquitaniae,
801 3683 1043 3749 Archidiacono
1073 3683 1310 3749 Oxoneiordiae
1334 3689 1369 3749 et
1393 3685 1464 3770 ejus

411 3784 584 3862 officiariis,
599 3785 746 3850 salutern.
794 3783 879 3850 (lum
896 3789 963 3849 tam
988 3807 1029 3848 ex
1046 3784 1209 3871 dignitate
1236 3790 1351 3852 nostra
1374 3788 1466 3873 regia

411 3910 509 3975 quam
540 3910 583 3953 ex
621 3887 857 3954 consuetudine
896 3889 1076 3954 secundum
1115 3889 1253 3954 eandem
1291 3890 1466 3955 retroactis

411 3991 616 4078 temporibus
656 3991 781 4055 usitata
811 3989 981 4076 hucusque
1013 3989 1117 4057 fuerit
1155 3997 1339 4079 optentum,
1377 3993 1466 4078 quod

411 4094 581 4160 Scaccario
596 4098 709 4157 nostro
726 4091 908 4157 insidentes
924 4099 958 4156 et
967 4093 1127 4179 compotis
1143 4100 1177 4158 et
1186 4095 1328 4180 negotiis
1343 4095 1466 4160 nostris

411 4196 535 4262 ibidem
569 4195 698 4283 jugiter
736 4194 950 4260 intendentes
988 4194 1069 4259 alibi
1108 4219 1174 4261 non
1213 4198 1393 4262 trahantur
1430 4198 1465 4262 in

411 4299 571 4385 placitum
606 4297 765 4382 quamdiu
805 4297 893 4362 idem
925 4297 1131 4363 Soaccarium
1165 4304 1316 4363 nostrum
1349 4299 1466 4383 [suerit

411 4401 578 4487 apertum]
590 4397 601 4478 ;’
628 4421 666 4465 ac
704 4397 853 4484 Rogerus
885 4405 991 4464 rector
1016 4400 1159 4464 ecclesiae
1187 4401 1228 4465 de
1270 4400 1466 4486 Whytefeld

411 4503 568 4568 dilectum
599 4506 633 4567 et
670 4501 800 4566 fidelem
832 4507 983 4566 nostrum
1008 4501 1209 4567 Willelmum
1238 4503 1278 4568 de
1300 4499 1465 4580 kowelle,

410 4607 563 4672 clericum
602 4610 637 4670 et
686 4603 911 4670 Camerarium
958 4605 1118 4670 Smccarii
1157 4606 1262 4672 nostri
1308 4607 1467 4694 praedicti,

410 4709 505 4794 cujus
520 4707 678 4774 continuo
694 4706 875 4772 residentia
891 4707 1073 4792 requiritur
1088 4709 1124 4771 in
1148 4709 1336 4794 praemissis,
1353 4708 1467 4774 trahat

409 4813 446 4876 in
476 4810 636 4898 placitum
667 4831 774 4876 coram
798 4809 901 4886 vobis,
923 4816 963 4876 ut
990 4810 1147 4895 [dicitur3
1172 4809 1397 4896 prohibemus]
1425 4833 1466 4876 ne
