3598 5752
402 883 489 948 1054
646 901 749 948 ursae
772 899 909 950 sessus
932 899 979 948 oa
1001 897 1198 948 scaccario.

231 1089 384 1140 A·D·1³09·
402 1087 441 1147 ut
472 1083 507 1146 in
538 1083 602 1148 hiis
628 1106 703 1170 quae
732 1086 801 1150 tuis
839 1085 1010 1151 desideriis
1033 1085 1223 1152 noverimus
1261 1105 1331 1150 esse
1357 1086 1454 1170 grata

403 1187 600 1272 Apostolices
637 1187 734 1253 Sedis
771 1189 1033 1255 munificentiam
1072 1191 1260 1254 consuetam
1305 1186 1370 1253 tibi
1410 1185 1454 1251 ad

402 1290 545 1374 gratiam
577 1291 728 1356 invenias
752 1291 930 1358 liberalem.
979 1292 1168 1357 Exteriore
1199 1289 1361 1376 siquidem
1387 1295 1454 1354 tute

403 1392 577 1476 petitionis
608 1395 795 1480 accepimus
826 1395 914 1480 quod
945 1393 1050 1460 felicis
1081 1391 1318 1458 recordationis
1349 1391 1454 1456 Bone-

403 1492 506 1559 sacius
522 1495 612 1581 Papa
628 1497 726 1582 viijv,
741 1497 958 1582 praedeeessor
973 1503 1093 1576 noster,
1108 1496 1149 1561 de
1165 1494 1293 1560 decima
1307 1493 1454 1560 omnium

402 1597 570 1662 redituum
604 1607 639 1664 et
670 1607 894 1686 proventuum
929 1599 1221 1666 ecelesiasticorum
1258 1597 1293 1662 in
1323 1596 1454 1682 Angliae

402 1705 435 1764 et
475 1700 596 1766 Scotino
634 1704 746 1788 regnis
771 1711 806 1768 et
849 1701 976 1768 Walliae
1007 1724 1045 1768 ao
1085 1701 1257 1768 Hiberniae
1294 1699 1454 1787 partibus,

402 1801 529 1868 dudum
560 1825 620 1890 per
651 1812 719 1871 tres
759 1827 864 1871 annos
896 1806 1051 1892 imposita
1077 1827 1137 1892 per
1167 1805 1318 1884 eundem,
1356 1803 1453 1869 clarae

402 1907 567 1971 memoriae
608 1907 774 1974 Edwardo
805 1908 890 1996 Regi
928 1907 1059 1996 Angliae
1089 1907 1231 1994 genitori
1270 1913 1329 1972 tuo
1364 1927 1452 1971 nune

400 2009 530 2074 viventi
565 2011 792 2096 medi[etate1n
817 2013 986 2098 gener]ose
1020 2009 1189 2087 concessit,
1212 2009 1341 2095 reliqua
1374 2031 1452 2074 vero

400 2109 580 2176 medietate
612 2111 677 2178 sibi
702 2135 761 2198 pro
791 2113 860 2178 suis
887 2119 922 2178 et
948 2113 1091 2180 ecclceiae
1118 2111 1275 2177 Romanae
1313 2110 1450 2176 necessi-

400 2212 527 2278 tatibus
555 2219 742 2294 reservata;
777 2215 909 2280 demum
925 2237 1003 2281 vero
1025 2214 1186 2301 praefatus
1211 2214 1342 2302 genitor
1373 2219 1451 2279 tuus

399 2321 521 2380 certam
553 2322 680 2402 partem
712 2318 901 2383 medietatis
939 2317 1095 2404 ejusdem,
1125 2339 1185 2404 per
1218 2317 1344 2383 dictum
1367 2337 1450 2403 prae·

398 2416 609 2496 decessorem,
637 2425 677 2485 ut
700 2419 929 2507 premittitur,
950 2425 1136 2498 reservata,
1163 2420 1286 2506 absque
1317 2419 1451 2485 licentia

400 2518 496 2586 Sedis
515 2521 683 2606 praedictae
710 2523 882 2610 recipiens,
898 2524 990 2588 illam
1018 2523 1088 2588 suis
1115 2523 1231 2588 usibus
1258 2521 1450 2609 applicavit,

399 2621 469 2687 Nos
509 2624 613 2710 igitur
643 2625 793 2690 volentes
823 2647 999 2712 personam
1039 2625 1165 2712 regiam
1207 2629 1345 2711 propter
1384 2623 1449 2689 sin·

398 2727 570 2792 ceritatem
606 2728 792 2794 devotionis
827 2729 1017 2815 hujusmodi
1040 2728 1240 2815 Apostolicis
1278 2727 1451 2793 favoribus

398 2828 568 2907 honorare,
593 2830 657 2896 tibi
688 2832 845 2918 quicquid
876 2832 986 2898 dictus
1016 2832 1148 2918 genitor
1175 2838 1254 2897 tuus
1285 2831 1326 2896 de
1363 2830 1451 2896 dicta

399 2933 575 2998 medietate
603 2933 707 3020 ipsius
737 2935 873 3000 decimae
907 2956 966 3020 per
993 2934 1135 3000 eundem
1171 2935 1450 3020 praedecessorem,

398 3041 437 3100 ut
459 3037 659 3122 praedicitur,
674 3044 849 3103 reservatae
876 3037 994 3104 habuit
1017 3042 1051 3102 et
1074 3038 1230 3124 percepit,
1254 3036 1451 3102 auctoritate

398 3139 623 3223 praesentium,
639 3139 679 3204 de
704 3140 839 3226 speciali
862 3140 972 3226 gratia
996 3139 1198 3204 remittimus
1223 3145 1257 3205 et
1282 3139 1450 3204 donamus

399 3239 495 3304 Nulli
511 3263 589 3326 ergo
604 3242 740 3307 omnino
755 3241 927 3306 hominum
943 3242 1043 3307 liceat
1059 3241 1145 3308 hanc
1161 3242 1317 3330 paginam
1332 3245 1452 3306 nostra

399 3343 600 3408 remissionis
616 3351 650 3409 et
666 3344 854 3410 donationis
871 3343 1050 3430 infringere
1061 3345 1115 3410 vel
1125 3345 1155 3410 ei
1166 3343 1263 3410 ausu¹
1276 3343 1452 3410 temerario

397 3447 568 3512 contraire.
617 3445 653 3512 Si
669 3447 744 3532 quis
759 3453 872 3512 autem
895 3446 957 3512 hoc
972 3453 1172 3534 attemptare
1196 3447 1450 3533 presumpserit,

401 3547 665 3632 indignationem
693 3547 932 3634 omnipotentis
963 3547 1022 3612 Dei
1047 3553 1082 3614 et
1106 3549 1279 3614 beatorum
1305 3548 1395 3614 Petri
1417 3557 1452 3613 et

401 3649 496 3715 Pauli
521 3650 753 3737 Apostolorum
782 3651 852 3736 ejus
878 3671 913 3715 se
935 3653 1069 3717 noverit
1099 3651 1318 3718 incursurum.
1364 3650 1453 3715 Data

398 3753 585 3830 Avinionis,
612 3753 647 3839 iij
677 3753 846 3820 Kalendas
871 3753 975 3830 Junii,
997 3753 1217 3820 Pontificatus
1236 3753 1341 3820 nostri
1365 3775 1452 3818 enno

396 3860 523 3940 quarto.

225 4093 295 4146 aa).
309 4096 380 4144 12⁵4.
445 4083 700 4150 Memorandum
732 4085 821 4172 quod
852 4085 955 4152 Carta
988 4085 1140 4163 Allonsii,
1167 4085 1266 4174 Regis
1291 4086 1452 4166 Castaliae,

253 4185 300 4238 2⁰·
314 4189 352 4238 1⁵·
400 4186 516 4263 Toleti,
545 4186 710 4273 Legionis,
726 4187 872 4264 Galicioe,
898 4187 1034 4266 Sibillaa,
1060 4186 1244 4266 Oordubiae,
1270 4189 1403 4257 Murciae
1418 4195 1453 4255 et

400 4289 573 4369 Jahennaa,
596 4290 637 4355 de
665 4290 780 4376 quieta
810 4289 988 4356 clamantia
1011 4289 1100 4356 iacta
1123 4289 1265 4356 Domino
1290 4291 1453 4358 Edwardo

401 4391 623 4479 primogenito
653 4392 722 4456 filio
752 4391 853 4479 Regis
881 4392 1018 4459 Henrici
1044 4397 1077 4456 et
1102 4391 1288 4458 haeredibus
1317 4393 1388 4459 suis
1411 4394 1451 4460 de

400 4501 473 4561 tota
486 4495 659 4572 Vasconis,
671 4495 780 4581 sigillo
796 4517 896 4561 aureo
912 4495 1053 4582 signata,
1070 4496 1242 4583 reponitur
1258 4495 1450 4564 ininteriori

398 4617 527 4661 camera
543 4595 644 4681 juxta
659 4595 770 4660 aulam
786 4597 916 4683 nigram
931 4597 968 4660 in
984 4597 1082 4662 Turri
1098 4597 1284 4665 Londoniae.

721 4833 728 4867 ¹
740 4851 807 4885 aare
817 4836 839 4886 ie
851 4836 1025 4888 interlineated
1037 4837 1062 4886 in
1075 4839 1131 4889 MS.
