3598 5752
411 871 496 936 102⁶
662 887 764 936 mnus
788 885 925 938 nunnus
949 885 995 936 uu
1018 887 1208 938 sorentum.

239 1071 303 1122 Al).
321 1075 391 1124 ¹2⁷⁹·
409 1071 616 1138 Scsccsrium
632 1095 741 1137 eoram
766 1073 960 1149 Batonibus,
978 1072 1138 1158 preestitit
1153 1073 1393 1138 sacramentum
1418 1071 1458 1136 de

409 1174 551 1240 fideliter
566 1197 599 1240 se
615 1175 767 1241 habendo
783 1175 819 1240 in
834 1175 939 1241 officio
954 1175 1120 1261 prssdicto.

712 1375 778 1384 -ο-

237 1521 390 1574 mulsos
410 1509 470 1574 DE
507 1509 714 1576 SPEGIALI
751 1510 958 1576 MATERIA
996 1509 1243 1576 TANGENTE
1283 1507 1457 1574 EPISOO-

696 1613 816 1680 PATU
847 1613 1174 1680 DUNOLMENSI.¹

236 1755 283 1804 so.
299 1756 379 1804 1821).
452 1740 522 1806 Rex
552 1741 665 1806 liberis
696 1741 886 1808 hominibus
919 1747 954 1807 et
987 1741 1140 1808 omnibus
1167 1740 1241 1806 eliis
1266 1739 1456 1805 tenentibus

262 1819 366 1882 (Μ
408 1842 448 1908 se
472 1842 626 1909 limnas
642 1844 858 1931 Episcopatus
886 1844 1111 1934 panormam,
1139 1843 1290 1908 inuiam.
1336 1841 1456 1907 mistis

408 1945 496 2032 quod
534 1945 754 2011 commisimus
788 1946 909 2012 dilecto
948 1951 982 2010 et
1016 1944 1106 2010 fideli
1145 1951 1256 2010 nostro
1296 1943 1456 2028 Rob[erto

407 2046 448 2112 de
472 2045 659 2132 OlyffordP
685 2047 873 2113 libertatem
892 2047 1095 2134 predictam,
1110 2068 1185 2113 cum
1202 2045 1454 2134 pertinentibus,

407 2150 443 2214 in
471 2171 603 2215 insnum
630 2157 785 2226 nostram,
803 2173 860 2235 per
884 2149 1178 2216 considerationem
1205 2147 1315 2214 Ouriae
1337 2153 1455 2214 nostrm

406 2274 515 2318 coram
553 2253 648 2318 nobis
693 2259 833 2338 ceptam,
871 2253 1117 2319 custodiendam
1162 2251 1321 2338 quamdiu
1361 2250 1454 2316 uobis

407 2355 575 2441 placuerit.
622 2354 691 2440 [Ite
718 2355 819 2440 quod]
847 2355 1070 2420 vicecomitem
1109 2359 1143 2419 et
1172 2355 1255 2420 elios
1286 2353 1454 2418 ministros

326 2452 330 2463 '
407 2458 541 2522 idoneos
556 2457 597 2522 ed
614 2479 652 2522 ee
664 2479 737 2543 quse
746 2458 933 2522 libertatem
944 2457 1035 2522 illem
1048 2455 1455 2544 continguntexcercende

406 2566 441 2624 et
455 2559 606 2624 faciende
621 2559 682 2624 sub
698 2559 769 2644 ipso
792 2559 931 2646 deputet
947 2559 1000 2624 vel
1013 2559 1182 2646 [assignet
1198 2559 1246 2642 et]
1262 2557 1349 2642 quod
1366 2557 1452 2621 idem

406 2661 584 2726 vicecomes
615 2660 656 2725 de
686 2660 832 2725 exitibus
863 2660 940 2726 inde
967 2659 1240 2746 provenientibus
1274 2658 1369 2723 nobis
1404 2680 1452 2722 re·

404 2762 565 2851 spondent
579 2762 621 2827 sd
639 2763 842 2828 Sesccerium
859 2767 1014 2828 nostrum.
1062 2763 1106 2827 Et
1118 2761 1191 2826 ideo
1208 2760 1302 2826 vobis
1318 2759 1452 2824 mendu-

404 2885 477 2928 mus
504 2864 592 2949 quod
619 2863 755 2950 praefeto
783 2865 941 2949 [Roberto
972 2864 1148 2949 tunquam]
1179 2862 1309 2929 custodi
1340 2867 1453 2927 nostro

403 2966 569 3032 liber-tetis
583 2967 748 3052 praediotae
765 2967 800 3030 in
824 2965 976 3032 omnibus
999 2987 1073 3052 quse
1095 2965 1138 3031 sd
1154 2965 1337 3032 custodiam
1361 2964 1451 3030 illem

404 3066 572 3153 pertinent
587 3067 797 3134 intendentes
812 3068 884 3132 sitis
900 3072 933 3133 et
949 3068 1192 3154 respondentes,
1207 3069 1293 3132 sicut
1315 3065 1451 3152 praedic-

404 3173 477 3234 tum
504 3170 592 3254 [est].
639 3169 695 3255 [In
726 3169 843 3254 cujusl
870 3175 928 3234 eto.
976 3170 1071 3235 Teste
1104 3169 1192 3258 Rege
1223 3170 1311 3256 opud
1345 3169 1451 3234 West-

404 3271 647 3348 monesterium,
663 3270 733 3356 xvij
751 3271 804 3335 die
820 3271 914 3348 tulii,
930 3293 1027 3349 enno,
1042 3277 1113 3347 etc,
1129 3268 1318 3338 tricesimo?

856 3459 1103 3468 ——-----.—

232 3589 300 3638 Ab.
315 3595 385 3642 1³04.
450 3585 521 3649 Rex
554 3585 733 3650 venerabili
764 3585 800 3650 iu
830 3585 964 3651 Christo
1002 3585 1089 3670 petri
1120 3584 1305 3670 A[ntonio]‚
1337 3585 1451 3652 eedem

402 3687 512 3774 grstia
538 3686 753 3752 Dunelmensi
789 3686 958 3773 Episcopo,
981 3687 1128 3752 smutom.
1188 3686 1272 3752 Cum
1300 3687 1451 3751 nonnulli

402 3789 442 3853 de
460 3789 660 3875 Episcopatu
676 3795 788 3854 vestro
801 3789 960 3876 praedicto
982 3789 1077 3854 nobis
1100 3789 1135 3854 in
1158 3789 1296 3855 diversis
1319 3790 1450 3876 pecuni-

402 3912 496 3956 srum
513 3890 692 3976 [summis]⁴
707 3897 776 3956 tum
793 3891 833 3956 de
848 3891 1112 3958 smerciementis
1128 3892 1164 3957 in
1176 3913 1249 3979 quae
1264 3892 1451 3958 inciderunt

436 4093 443 4125 ¹
457 4093 520 4143 This
539 4093 651 4158 hesding
668 4093 691 4143 is
711 4092 814 4142 derived
837 4093 902 4144 from
923 4096 926 4110 '
981 4094 1063 4145 ΙΙὶοιΙ
1076 4095 1132 4146 Pst.
1144 4095 1175 4146 of
1187 4111 1277 4146 course
1288 4095 1363 4146 omits
1375 4113 1451 4155 anuo,

402 4175 444 4224 the
456 4173 536 4223 'l'eble
547 4172 576 4222 oi
587 4173 710 4224 contente
722 4180 747 4222 et
759 4173 802 4222 the
815 4176 865 4224 end
876 4173 905 4222 of
946 4179 1002 4230 ete,
1015 4177 1145 4224 tricesim.

402 4253 445 4303 the
457 4253 539 4302 Book.
573 4251 627 4300 'l‘he
645 4251 699 4301 title
719 4249 744 4300 iu
766 4253 824 4301 ilci.
846 4253 901 4301 Pet.
980 4253 1057 4304 ⁴'Phe
1083 4253 1182 4320 margin
1210 4255 1238 4304 oi
1266 4255 1310 4304 the
1339 4255 1406 4306 rider
1428 4255 1449 4306 is

401 4329 439 4380 is:
462 4328 506 4380 De
517 4327 633 4379 libertate
644 4327 817 4394 Episcopatus
826 4329 904 4378 Dun-
946 4331 1022 4397 sgnin
1034 4332 1140 4383 defnoed
1146 4333 1216 4392 here,
1228 4335 1279 4384 sud
1289 4349 1318 4384 ss
1330 4351 1365 4384 uo
1376 4335 1449 4386 other

402 4409 654 4460 cinnamomino
666 4407 821 4459 Robertode
835 4408 903 4472 Clis-
947 4409 1083 4462 inmlmeut
1113 4411 1143 4461 of
1169 4412 1221 4462 this
1254 4412 1309 4462 vrit
1337 4429 1384 4464 cen
1416 4415 1448 4464 be

394 4486 468 4552 sord.
946 4489 1035 4553 found,
1054 4491 1097 4542 the
1114 4491 1230 4542 doubtful
1247 4491 1365 4559 readings
1382 4492 1447 4543 here

434 4565 444 4599 ¹
455 4566 511 4616 The
528 4565 626 4632 margin
638 4566 668 4617 ol
684 4565 726 4616 the
744 4565 848 4617 rideris
860 4567 903 4616 the
947 4569 1012 4620 been
1024 4567 1140 4634 supplied
1151 4568 1177 4620 in
1186 4571 1313 4622 brackets.

403 4647 459 4697 Bed
470 4647 544 4696 Book
553 4645 575 4695 is
584 4645 699 4704 delscett
707 4647 760 4694 end
769 4645 811 4696 the
821 4647 903 4696 words

400 4725 426 4776 iu
443 4725 562 4776 brackets
582 4739 625 4776 cre
643 4724 761 4789 supplied
776 4725 842 4776 from
859 4725 903 4775 the

401 4807 493 4857 Patent
506 4805 573 4856 Boll.
