3548 5754
409 819 473 886 946
654 837 759 888 menn
782 839 921 891 nunnus
944 839 991 890 nn
1014 839 1211 892 sesecsmo.

407 1009 504 1074 Seint
516 1009 636 1077 Miehel
653 1012 825 1100 proeehein
841 1014 973 1080 devant.
1020 1013 1107 1080 Etsi
1124 1035 1184 1099 par
1198 1034 1254 1078 ees
1264 1011 1404 1102 nveigne
1417 1035 1458 1097 qe

406 1133 508 1178 escun
523 1114 583 1180 tiel
600 1114 780 1182 Eseheteur
806 1117 871 1183 soit
898 1139 1009 1182 remue
1037 1115 1077 1182 de
1103 1138 1163 1182 son
1185 1115 1277 1183 office
1299 1115 1395 1180 deine
1410 1113 1457 1180 les

408 1215 497 1280 deux
524 1217 652 1304 profres
675 1219 858 1298 aventditn,
874 1219 1104 1285 meinteneunt
1127 1239 1222 1306 apres
1246 1240 1304 1284 son
1331 1238 1456 1282 remue·

408 1324 501 1382 ment
532 1319 601 1385 fene
631 1321 766 1386 envoier
795 1345 816 1386 s
847 1321 1036 1409 lEseheqier
1075 1321 1230 1387 avsntdit
1270 1324 1304 1386 et
1339 1319 1459 1385 liverer

407 1419 566 1509 illoeques
581 1444 623 1488 en
639 1425 730 1490 roule
755 1430 842 1490 totee
863 1447 1013 1491 maneres
1037 1425 1078 1490 de
1103 1424 1197 1490 tieles
1224 1427 1399 1509 enquestee
1424 1428 1458 1489 et

408 1527 562 1590 extentes
577 1525 624 1612 qil
640 1549 741 1592 avere
758 1527 828 1606 seit,
843 1527 937 1594 nient
960 1535 1064 1593 avent
1080 1549 1140 1614 per
1156 1527 1204 1592 lui
1231 1526 1366 1592 liverez.
1415 1525 1459 1590 Et

409 1625 437 1690 si
468 1649 570 1692 escun
602 1628 785 1695 Eschetour
815 1631 880 1696 soit
911 1631 945 1716 qi
973 1630 1080 1696 demie
1104 1629 1201 1695 deinz
1226 1628 1257 1694 le
1282 1633 1400 1716 tempe,
1423 1651 1457 1692 e-

407 1728 554 1817 donques
570 1753 629 1797 son
646 1732 718 1798 heir
733 1755 774 1799 ou
791 1755 843 1798 see
865 1737 1059 1800 executours
1084 1733 1114 1798 le
1141 1731 1253 1798 secent
1274 1753 1338 1818 pur
1352 1730 1402 1795 lui
1416 1751 1458 1795 en

407 1832 541 1898 meieme
558 1833 591 1898 le.
606 1855 746 1900 manere.
788 1835 833 1901 Et
844 1835 891 1900 les
905 1835 1103 1902 Esehetoure
1119 1835 1153 1920 qi
1169 1856 1225 1900 ore
1235 1838 1336 1899 sount
1347 1832 1460 1898 fseent

406 1932 492 2000 faire
523 1936 674 2002 meismes
705 1937 800 2002 tieux
830 1936 937 2002 toules
968 1937 1009 2002 de
1034 1942 1089 2004 tut
1119 1935 1192 2001 lour
1222 1940 1331 2021 tempe
1355 1956 1459 2022 pesse,

407 2037 566 2104 euxibien
583 2039 629 2104 du
646 2043 753 2125 temps
764 2038 828 2126 qile
839 2048 923 2106 eunt
934 2044 1102 2116 seeuntee,
1117 2061 1208 2106 nome
1224 2037 1349 2125 depuis,
1362 2042 1397 2102 et
1412 2037 1459 2102 les

407 2137 549 2204 liverent
565 2161 585 2204 e
601 2139 801 2226 l’Escheqier
823 2161 866 2205 au
889 2139 1048 2227 prochein
1063 2139 1191 2226 proffie.
1237 2139 1281 2206 Et
1305 2139 1333 2203 si
1357 2160 1459 2204 escun

410 2239 475 2305 soit
498 2263 620 2320 remus,
636 2242 701 2307 soit
724 2241 843 2307 mande
866 2263 928 2328 par
951 2241 1039 2308 brief
1062 2242 1102 2307 de
1129 2239 1328 2326 l'Eeeheqier
1354 2241 1401 2327 qil
1427 2241 1459 2306 le

406 2341 486 2410 fece.
519 2343 563 2411 Et
578 2345 606 2409 si
622 2333 723 2411 aecim
738 2345 773 2432 qi
789 2345 836 2410 eit
852 2352 920 2412 este
936 2345 1001 2412 soit
1017 2351 1113 2423 mort,
1122 2345 1187 2410 soit
1202 2344 1321 2410 mande
1337 2344 1370 2409 al
1385 2342 1459 2410 heir

407 2446 514 2512 eules
530 2451 735 2525 executeurs‚
748 2469 788 2533 qe
804 2470 868 2513 eux
885 2449 916 2514 le
933 2449 1045 2514 faeent
1060 2470 1100 2514 en
1116 2447 1252 2513 meisme
1268 2447 1301 2512 la
1318 2469 1457 2513 manere.

408 2547 450 2612 Et
468 2553 545 2614 voet
560 2549 590 2614 le
607 2550 669 2615 Rei
685 2573 725 2636 qe
741 2551 770 2614 si
785 2571 887 2616 escun
903 2549 1086 2616 Esehetour
1100 2571 1177 2635 qore
1195 2555 1307 2626 eston
1323 2550 1357 2635 qi
1369 2571 1459 2616 sens

407 2671 473 2737 pur
489 2656 595 2739 temps
611 2653 736 2731 svenir,
752 2675 794 2718 ne
810 2653 880 2718 fece
896 2653 1099 2740 pleinement
1114 2674 1150 2718 ee
1166 2675 1206 2738 qe
1222 2673 1242 2717 a
1264 2652 1313 2717 lui
1334 2653 1459 2718 ettient

406 2755 464 2820 des
479 2755 592 2822 choses
606 2756 804 2834 svantdites‚
815 2756 862 2842 qil
874 2757 939 2821 soit
951 2756 1142 2822 reddement
1157 2761 1191 2822 et
1205 2760 1458 2844 grevousement

405 2859 507 2944 puniz
522 2881 583 2946 per
598 2859 779 2926 disereeion
794 2860 836 2925 de
858 2859 1020 2926 le00u1t.
1067 2859 1111 2926 Et
1131 2859 1160 2924 si
1185 2858 1219 2924 le
1242 2858 1378 2924 defeute
1393 2857 1459 2922 soit

405 2961 530 3048 grande
546 2968 581 3027 et
596 2961 829 3050 chargeeunte,
844 2962 910 3029 soit
924 2964 965 3028 de
981 2966 1051 3027 tote
1075 2962 1193 3028 houste
1220 2962 1260 3027 de
1284 2985 1321 3027 sa
1345 2961 1457 3026 baillie

405 3085 508 3129 seunz
532 3064 566 3128 le
589 3087 714 3136 reever.
731 3087 833 3130 saunz
856 3087 915 3131 son
939 3065 1157 3131 mendement
1205 3064 1249 3130 Et
1265 3070 1316 3130 est
1331 3065 1456 3130 lenten-

408 3165 479 3230 tion
495 3165 526 3230 le
542 3166 605 3231 Boi
622 3189 662 3252 qe
678 3166 846 3232 Treeorier
865 3171 899 3232 et
916 3167 1045 3232 Berons
1061 3167 1094 3252 qi
1110 3171 1197 3246 sont,
1212 3188 1255 3232 ou
1271 3187 1336 3253 pur
1352 3171 1458 3251 temps

406 3275 544 3345 serrem,
561 3269 673 3335 feeent
689 3269 929 3357 diligeaument
943 3270 1039 3334 tieux
1054 3269 1162 3334 roulee
1178 3269 1219 3334 de
1235 3275 1409 3356 enquestes
1425 3274 1459 3334 et

406 3376 557 3436 extentes
573 3394 710 3437 surveer
724 3379 758 3438 et
781 3372 944 3460 regarder,
967 3377 1001 3437 et
1025 3372 1163 3458 prendre
1179 3377 1238 3436 ent
1261 3371 1458 3436 levisement

407 3474 484 3558 quel
507 3475 548 3538 ils
564 3481 702 3540 verrent
718 3479 803 3541 estre
819 3498 840 3540 e
855 3475 940 3540 feire
962 3495 1026 3560 pur
1050 3475 1125 3561 plus
1149 3473 1351 3562 pleinegnent
1372 3473 1457 3538 faire

404 3575 543 3666 eherger
566 3578 614 3644 les
638 3577 835 3644 Fsehetoure
861 3599 920 3643 sur
943 3578 1017 3643 lour
1041 3583 1218 3663 seomptes,
1233 3580 1268 3642 et
1288 3581 1457 3641 ensement

403 3700 489 3745 ceux
504 3679 538 3765 qi
554 3684 739 3766 sontegre
755 3678 841 3745 faire
857 3679 898 3745 de
914 3679 989 3744 lour
1004 3678 1112 3744 relefs.
1158 3677 1260 3744 Eten
1282 3698 1338 3744 cas
1360 3700 1401 3763 qe
1424 3675 1457 3742 le

405 3779 511 3847 Oourt
525 3782 638 3868 puisse
653 3781 759 3846 sentir
775 3803 816 3847 en
832 3802 952 3846 ascune
968 3803 1101 3846 manere
1117 3803 1158 3866 qe
1173 3779 1268 3845 tieles
1284 3785 1458 3865 enqnestes

403 3887 438 3949 et
461 3889 613 3950 extentes
637 3884 745 3950 soient
771 3906 1008 3970 suspeceuouse
1034 3889 1068 3950 et
1098 3905 1189 3948 noun
1211 3882 1414 3961 eovenebles‚
1437 3904 1459 3948 a

403 3987 542 4076 damage
565 3988 611 4053 du
627 3987 699 4064 Rei,
715 3985 825 4054 secent
849 3987 1018 4053 Treson'er
1041 3991 1076 4052 et
1101 3987 1228 4051 Berons
1251 4007 1393 4070 enquere
1417 3985 1457 4051 de

403 4090 488 4157 celes
504 4091 657 4157 defeutes
681 4091 709 4155 si
732 4089 971 4176 diligeeument
994 4096 1028 4155 et
1052 4089 1281 4154 estroitement
1303 4111 1393 4153 come
1416 4087 1457 4152 ile

403 4198 570 4270 swerent,
596 4199 630 4259 et
654 4191 701 4257 les
727 4192 880 4258 defsutes
906 4192 1073 4258 redrescer
1097 4195 1131 4257 et
1157 4190 1204 4256 les
1235 4195 1457 4276 trespsssours

403 4296 597 4361 reddement
611 4295 712 4382 punir
728 4317 769 4360 en
785 4295 850 4361 due
865 4317 1006 4361 manere.
