3598 5752
390 923 477 986 1014
643 937 745 986 maan
768 937 905 986 suanus
928 937 974 985 na
996 936 1191 993 scsccsruo.

259 1131 325 1180 A-D·
387 1125 549 1192 habendis
576 1126 728 1192 omnibus
755 1126 853 1190 terris
878 1131 911 1190 et
939 1126 1137 1190 tenementis
1161 1126 1265 1212 ipsam
1289 1124 1434 1190 Juliam¹

254 1203 344 1248 ¹²⁷⁵⁰'
383 1229 459 1312 jure
475 1229 685 1294 haereditario
700 1227 977 1314 contingentibus.

434 1331 510 1394 Hiis
541 1331 653 1416 itaque
685 1330 825 1395 ostensis
856 1351 962 1394 coram
989 1328 1077 1414 Rege
1100 1336 1135 1393 et
1166 1326 1319 1406 comite}
1352 1329 1438 1394 dixit

389 1430 506 1496 Comes
532 1431 620 1516 quod
651 1430 831 1516 praedictus
863 1429 1036 1495 Galfridus
1067 1430 1107 1495 de
1138 1429 1239 1514 Lucy‚
1263 1431 1321 1515 qui
1351 1451 1439 1495 nunc

388 1531 480 1608 obiit,
498 1532 606 1596 nullas
631 1537 736 1596 terras
761 1532 871 1596 tenuit
896 1531 936 1596 de
962 1531 1060 1595 terris
1083 1535 1117 1595 et
1143 1532 1342 1597 tenementis
1366 1553 1439 1616 qua

388 1633 547 1719 praedicta
574 1633 711 1698 Juliana
740 1633 852 1697 tenuit
879 1631 919 1696 de
945 1631 1034 1720 Rege
1061 1631 1096 1696 in
1124 1633 1239 1717 capite,
1267 1654 1326 1698 nec
1351 1633 1439 1718 apud

390 1735 590 1812 Cateshulle,
616 1757 723 1820 neque
748 1734 836 1797 alibi.
900 1732 998 1797 Dixit
1029 1737 1128 1798 etiam
1156 1734 1244 1819 quod
1275 1733 1439 1799 Robertus

390 1837 431 1902 de
457 1837 550 1912 Veer,
573 1837 689 1902 Comes
713 1835 861 1911 Oxoniae,
882 1842 933 1899 est
959 1835 995 1899 in
1022 1835 1143 1900 seisiua
1170 1834 1312 1900 faciendi
1337 1835 1438 1899 servi·

389 1939 475 2004 tium
502 1938 668 2022 serJ'antiae
694 1937 872 2022 praedictae,
889 1942 923 2001 et
947 1937 1024 2001 inde
1047 1935 1113 2002 fuit
1137 1937 1269 2000 saisitus
1293 1937 1328 2001 in
1355 1937 1438 2001 festo

391 2040 620 2106 coronationis
645 2040 752 2125 Regis,
780 2039 838 2104 ubi
868 2038 949 2104 fecit
980 2039 1153 2104 servitium
1179 2039 1382 2124 praedictum,
1405 2045 1439 2104 et

391 2165 457 2208 non
485 2143 661 2228 praedictus
693 2140 870 2206 Galfridus.
918 2140 1060 2205 Demum
1091 2141 1194 2226 igitur
1221 2141 1375 2206 discussis
1406 2147 1440 2204 et

392 2242 567 2310 intellectis
588 2243 772 2308 rationibus
795 2242 979 2328 propositis,
1003 2247 1074 2305 tam
1098 2263 1159 2327 pro
1187 2241 1316 2308 Comite
1340 2264 1437 2327 quarn

392 2368 452 2433 pro
476 2345 573 2431 Rege,
588 2346 667 2430 quia
686 2351 906 2409 antecessores
930 2343 1080 2429 praedicti
1105 2343 1256 2420 Galfridi,
1272 2345 1329 2430 qui
1352 2365 1440 2409 nunc

392 2447 484 2523 obiit,
499 2447 654 2511 obierunt
669 2447 712 2510 ad
728 2446 918 2532 homagium
942 2445 1063 2532 Regis;
1087 2446 1166 2531 quia
1186 2445 1296 2522 etiam,
1312 2446 1439 2511 ratione

393 2551 536 2635 homagii
552 2549 640 2634 quod
658 2546 827 2612 Galfridus
851 2547 891 2612 de
915 2546 1008 2630 Lucy
1023 2553 1117 2630 pater
1132 2547 1283 2632 praedicti
1300 2547 1440 2612 Galfridi

393 2651 434 2716 de
461 2651 563 2730 Lucy,
579 2651 633 2734 qui
662 2670 750 2714 nuuc
774 2649 866 2723 obiit,
882 2647 1007 2712 fecerat
1031 2648 1163 2712 domino
1189 2648 1271 2734 Regi
1297 2647 1440 2714 Henrico

393 2753 481 2838 patri
513 2751 637 2815 domini
670 2749 771 2834 Regis
807 2771 903 2826 nuuc,
932 2748 1051 2812 habuit
1073 2749 1160 2812 idem
1184 2749 1337 2813 dominus
1369 2749 1440 2813 Rex

394 2855 557 2919 Henricus
582 2853 765 2917 custodiam
794 2851 897 2936 ipsius
923 2849 1068 2915 Galiridi
1095 2851 1135 2915 de
1157 2850 1251 2937 Lucy
1265 2853 1323 2938 qui
1351 2853 1441 2916 simi·

393 2957 470 3022 liter
492 2957 576 3021 obiit
591 2955 634 3020 ad
655 2954 846 3040 homagium
862 2953 987 3017 domiui
1004 2953 1103 3038 Regis
1119 2975 1206 3019 nunc
1222 2961 1256 3019 et
1271 2975 1441 3041 nunquam

393 3060 459 3124 fuit
474 3058 550 3123 inde
562 3065 703 3133 amotus,
712 3056 790 3121 licet
804 3055 907 3120 nichil
917 3060 1045 3120 teneret
1054 3055 1094 3120 de
1106 3055 1264 3141 serjantis
1275 3057 1441 3143 praedicta,

395 3183 500 3246 neque
515 3161 556 3225 de
572 3159 646 3224 aliis
662 3159 759 3223 terris
775 3165 809 3221 et
825 3157 1024 3222 tenementis
1044 3179 1117 3242 quae
1133 3159 1293 3244 praedicta
1307 3158 1329 3223 J
1332 3160 1443 3224 uliaua

394 3265 471 3328 avia
493 3284 552 3327 sua
577 3263 630 3326 vel
654 3261 710 3325 alii
734 3260 985 3346 praedecessores
1007 3260 1059 3324 sui
1085 3265 1266 3326 tenuerunt
1290 3262 1331 3326 de
1354 3261 1442 3348 Rege

395 3366 430 3428 iu
454 3364 580 3450 capite:
606 3362 857 3429 Consideratum
873 3365 924 3425 est
945 3361 1032 3446 quod
1057 3360 1210 3426 dominus
1226 3363 1297 3427 Rex
1322 3362 1443 3428 habeut

395 3467 577 3531 custodiam
594 3465 805 3540 antedictam,
820 3463 949 3528 ratione
966 3462 1112 3550 homagii
1127 3465 1289 3549 praedicti,
1306 3469 1339 3529 et
1359 3486 1441 3550 prae·

395 3569 503 3634 dictus
520 3567 636 3634 Comes
652 3565 753 3632 nichil
772 3566 851 3631 inde
869 3565 988 3651 capiat.

243 3944 285 3994 ro.
301 3944 363 3993 nd,
395 3912 456 3978 DE
504 3909 713 3976 DIVERSIS
764 3909 925 3974 OARTIS
976 3907 1231 3974 COMITISSAE
1281 3907 1443 3972 ALBER-

227 4037 292 4088 Al).
307 4040 378 4086 1³15.
546 4011 713 4077 MARLAE
745 4010 931 4076 DOMINO
963 4009 1072 4075 REGI
1105 4008 1288 4074 insulse

441 4145 603 4210 Dominus
619 4143 692 4208 Rex
707 4142 880 4207 mandavit
900 4140 998 4206 breve
1022 4163 1118 4206 suum
1139 4141 1180 4205 de
1201 4163 1321 4229 magno
1337 4140 1444 4230 sigillo

396 4271 456 4314 suo
472 4247 621 4313 Gilbcrto
637 4245 676 4310 de
693 4244 864 4308 Rouburia
880 4244 915 4307 in
931 4245 999 4308 haec
1016 4244 1117 4308 verba
1127 4268 1178 4308 :-

442 4347 633 4424 Edwardus,
645 4345 708 4410 Dei
718 4346 836 4434 gratia,
853 4344 925 4409 Rex
940 4344 1081 4432 Angliae,
1099 4345 1250 4409 domiuus
1266 4343 1444 4422 Hibernia,

398 4459 431 4516 a
451 4432 530 4514 'dux
560 4447 760 4532 Aquitania,
788 4445 909 4510 dilecto
939 4451 974 4510 a
1005 4444 1095 4508 eden
1127 4467 1186 4510 suo
1225 4444 1374 4510 eriberto
1405 4445 1444 4509 ee

398 4551 578 4626 Rouburia,
602 4548 750 4612 salutem.
809 4546 895 4627 Quia
926 4545 1152 4610 intelleximus
1176 4546 1263 4632 quod
1294 4547 1442 4633 quaedam

944 4769 988 4820 the
1006 4769 1084 4818 'ratic
1102 4770 1133 4819 oi
1152 4770 1277 4822 Contenta
1294 4779 1321 4822 st
1337 4773 1380 4822 the
1396 4773 1446 4823 eud

431 4776 496 4826 ¹Sic
508 4776 534 4824 in
544 4772 601 4824 Me.
916 4770 921 4902 1

429 4853 514 4908 ⁹This
534 4850 644 4916 heading
664 4849 685 4898 is
705 4847 805 4899 derived
829 4848 895 4896 from
945 4847 975 4896 of
983 4848 1025 4897 the
1038 4849 1120 4900 Book.
